@InCollection{ackerman09,
  author = 	 {F. Ackerman and J. P. Blevins and R. Malouf},
  title = 	 {Parts and wholes: Implicative patterns in inflectional paradigms},
  booktitle = 	 {Analogy in Grammar: Form and Acquisition},
  OPTkey = 	 {},
  OPTpages = 	 {54–81},
  publisher = {OUP},
  year = 	 {2009},
  editor = 	 {Blevins and Blevins}
}

@InCollection{corbett05,
  author = 	 {G. G. Corbett},
  editor = 	 {Frajzyngier and Hodges and Rood},
  booktitle = 	 {Linguistic Diversity and Language Theories},
  title = 	 {The canonical approach in typology},
  publisher = 	 {John Benjamins},
  year = 	 {2005},
  OPTkey = 	 {},
  OPTvolume = 	 {},
  OPTnumber = 	 {72},
  OPTseries = 	 {Studies in Language Companion Series},
  OPTtype = 	 {},
  OPTaddress = 	 {Amsterdam, Netherlands},
  OPTedition = 	 {},
  OPTmonth = 	 {},
  OPTpages = 	 {25-49},
  OPTnote = 	 {},
  OPTannote = 	 {}
}

@PhdThesis{walther13phd,
  author = 	 {Géraldine Walther},
  title = 	 {Sur la canonicité en morphologie — Perspective empirique, formelle et computationnelle},
  school = 	 {Université Paris-Diderot},
  year = 	 {2013},
  OPTnote = "\`A para\^itre",
}

@INCOLLECTION{silverstein76,
  author = {Silverstein, M.},
  title = {{H}ierarchy of {F}eatures and {E}rgativity},
  booktitle = {{G}rammatical {C}ategories in {A}ustralian {L}anguages},
  OPTpublisher = {Canberra: Australian Institute of Aboriginal Studies},
  year = {1976},
  editor = {Dixon, R.M.W.},
  owner = {crlao},
  timestamp = {2013.03.18}
}


@ARTICLE{jacques12khaling,
  author = {Jacques, G. and Lahaussois, A. and Michailovsky, B. and
	Rai, D. B.},
  title = {{A}n overview of {K}haling verbal morphology},
  journal = {Language and linguistics},
  year = {2012},
  volume = {13.6},
  OPTpages = {1095-1170},
  owner = {Abeille},
  timestamp = {2012.04.22}
}

@Book{stump01,
 title = {Inflectional Morphology. A Theory of Paradigm Structure},
 publisher = {CUP},
 year = {2001},
 author = {Stump, G. T.},
 ALTALTeditor = {},
 OPTkey = {},
 OPTvolume = {},
 OPTnumber = {},
 OPTseries = {},
 OPTaddress = {Cambridge, UK},
 OPTedition = {},
 OPTmonth = {},
 OPTnote = {},
 OPTannote = {},
 OPTurl = {},
 OPTdoi = {},
 OPTissn = {},
 OPTlocalfile = {},
 OPTabstracts = {},
}


@Article{paradis88,
  author = 	 {Paradis, C.},
  title = 	 {On Constraints and Repair Strategies},
  journal = 	 {The Linguistic Review},
  year = 	 {1988},
  OPTkey = 	 {},
  volume = 	 {6},
  number = 	 {1},
  OPTpages = 	 {71-97},
  OPTmonth = 	 {},
  OPTnote = 	 {},
  OPTannote = 	 {}
}


@article{rissanen84,
author = {J. Rissanen},
title = {Universal coding, information, prediction, and estimation},
year = 1984,
journal = {{IEEE} Transactions on Information Theory},
volume = 30,
number = 4,
OPTpages = {629--636},
}


@InProceedings{sagot11sfcm,
  author = 	 {Sagot, B. and G. Walther},
  title = 	 {Non-canonical inflection: data, formalisation and complexity measures.},
  OPTcrossref =  {},
  OPTkey = 	 {},
  booktitle = {Systems and Frameworks in Comp. Morphology},
  OPTpages = 	 {23-45},
  year = 	 {2011},
  editor = 	 {Mahlow and Piotrowski},
  volume = 	 {100},
  OPTnumber = 	 {},
  OPTseries = 	 {Communications in Computer and Information Science},
  OPTaddress = 	 {Zurich, Suisse},
  OPTmonth = 	 {},
  OPTorganization = {},
  publisher = {Springer},
  OPTnote = 	 {},
  isbn      = {978-3-642-23137-7},
  OPTannote = 	 {}
}

@Article{blevins03,
  author = 	 {J. P. Blevins},
  title = 	 {Passives and impersonals},
  journal = 	 {Journal of Linguistics},
  year = 	 {2003},
  OPTkey = 	 {},
  volume = 	 {39},
  OPTnumber = 	 {},
  OPTpages = 	 {473-520},
  OPTmonth = 	 {},
  OPTnote = 	 {},
  OPTannote = 	 {}
}

@PhdThesis{boye00,
  author = 	 {G. Boy\'e},
  title = 	 {Problèmes de morpho-phonologie verbale en français, espagnol et italien},
  school = 	 {Univ. Paris 7},
  year = 	 {2000},
}


@Misc{camilleri12decembrettes,
  author = 	 {M. Camilleri and G. Walther},
  title = 	 {What small vowels and a large lexicon tell us about
                  Maltese verbal inflection},
  note = 	 {Presentation at the  D\'ecembrettes~8. Bordeaux, France},
  OPTkey = 	 {},
  OPTmonth = 	 {},
  year = 	 {2012},
  OPTannote = 	 {}
} 