
@Book{anderson05,
 title = {Aspects of the theory of clitics},
 publisher = {Oxford University press},
 year = {2005},
 author = {Anderson, S. R.},
 ALTALTeditor = {},
 OPTkey = {},
 OPTvolume = {},
 OPTnumber = {},
 OPTseries = {},
 address = {Oxford, UK},
 OPTedition = {},
 OPTmonth = {},
 OPTnote = {},
 OPTannote = {},
 OPTurl = {},
 OPTdoi = {},
 OPTissn = {},
 OPTlocalfile = {},
 OPTabstracts = {},
}




@InCollection{anderson06,
  author = 	 {Stephen R. Anderson},
  title = 	 {A-morphous Morphology},
  booktitle = 	 {The Encyclopedia of Language and Linguistics},
  OPTcrossref =  {},
  OPTkey = 	 {},
  pages = 	 {405-408},
  publisher = {Elsevier},
  year = 	 {2006},
  OPTeditor = 	 {},
  OPTvolume = 	 {},
  OPTnumber = 	 {},
  OPTseries = 	 {},
  OPTtype = 	 {},
  OPTchapter = 	 {},
  OPTaddress = 	 {},
  OPTedition = 	 {},
  OPTmonth = 	 {},
  OPTnote = 	 {},
  OPTannote = 	 {}
}





@InCollection{anderson85,
  author = 	 {Stephen R. Anderson},
  title = 	{Inflectional Morphology},
  booktitle = 	 {Language Typology and Syntactic Fieldwork},
  OPTcrossref =  {},
  OPTkey = 	 {},
  pages = 	 {150-201},
  publisher = {Cambridge University PressT. Shopen},
  year = 	 {1985},
  OPTeditor = 	 {T. Shopen},
  volume = 	 {3},
  OPTnumber = 	 {},
  OPTseries = 	 {},
  OPTtype = 	 {},
  OPTchapter = 	 {},
  address = 	 {Cambridge},
  edition = 	 {1},
  OPTmonth = 	 {},
  OPTnote = 	 {},
  OPTannote = 	 {}
}






@Book{anderson92,
  author = 	 {Stephen R. Anderson},
  ALTeditor = 	 {},
  title = 	 {A-morphous Morphology},
  publisher = 	 {Cambridge University Press},
  year = 	 {1992},
  OPTkey = 	 {},
  OPTvolume = 	 {},
  OPTnumber = 	 {},
  OPTseries = 	 {},
  address = 	 {Cambridge, UK},
  OPTedition = 	 {},
  OPTmonth = 	 {},
  OPTnote = 	 {},
  OPTannote = 	 {}
}



@Book{aronoff05,
  author = 	 {Mark Aronoff and Kerstin Fudeman},
  ALTeditor = 	 {},
  title = 	 {{W}hat is {M}orphology?},
  publisher = 	 {Blackwell Publishing},
  year = 	 {2005},
  OPTkey = 	 {},
  OPTvolume = 	 {},
  OPTnumber = 	 {},
  OPTseries = 	 {},
  address = 	 {Oxford, UK},
  OPTedition = 	 {},
  OPTmonth = 	 {},
  OPTnote = 	 {},
  OPTannote = 	 {}
}



@Book{aronoff94,
  author = 	 {Mark Aronoff},
  ALTeditor = 	 {},
  title = 	 {Morphology by {I}tself},
  publisher = 	 {MIT Press},
  year = 	 {1994},
  OPTkey = 	 {},
  OPTvolume = 	 {},
  OPTnumber = 	 {},
  OPTseries = 	 {},
  OPTaddress = 	 {},
  OPTedition = 	 {},
  OPTmonth = 	 {},
  OPTnote = 	 {},
  OPTannote = 	 {}
}

@Misc{baerman06depoData,
  OPTkey = 	 {},
  author = 	 {Matthew Baerman},
  title = 	 {Deponency in {S}erbo-{C}roatian},
  howpublished = {Online Database: {\tt http://www.smg.surrey.ac.uk/deponency/Examples/Serbo-Croatian.htm}},
  month = 	 {September},
  year = 	 {2006},
  note = 	 {{T}ypological {D}atabase on {D}eponency, {S}urrey {M}orphology {G}roup, CMC, University of Surrey},
  OPTannote = 	 {}
}

@Article{baerman07a,
 author = {Baerman, M.},
 title = {Morphological reversals},
 journal = {Journal of Linguistics},
 year = {2007},
 OPTkey = {},
 volume = {43},
 OPTnumber = {},
 pages = {33–61},
 OPTmonth = {},
 OPTnote = {},
 OPTannote = {},
 OPTurl = {},
 OPTdoi = {},
 OPTissn = {},
 OPTlocalfile = {},
 OPTabstract = {},
}

@InProceedings{baerman07b,
  author = 	 {Matthew Baerman},
  title = 	 {{M}orphological {T}ypology of {D}eponency},
  OPTcrossref =  {},
  OPTkey = 	 {},
  booktitle = {{D}eponency and {M}orphological {M}ismatches},
  pages = 	 {1-19},
  year = 	 {2007},
  editor = 	 {Matthew Baerman and Greville G. Corbett and Dunstan Brown and Andrew Hippisley},
  volume = 	 {145},
  OPTnumber = 	 {},
  OPTseries = 	 {},
  OPTaddress = 	 {},
  OPTmonth = 	 {},
  organization = {The British Academy},
  publisher = {Oxford University Press},
  OPTnote = 	 {},
  OPTannote = 	 {}
}

@InProceedings{baerman10,
  author = 	 {Baerman, M.},
  title = 	 {Inflection class interactions},
  OPTcrossref =  {},
  OPTkey = 	 {},
  booktitle = {D\'ecembrettes 7 2010},
  OPTpages = 	 {},
  year = 	 {2010},
  OPTeditor = 	 {},
  OPTvolume = 	 {},
  OPTnumber = 	 {},
  OPTseries = 	 {},
  address = 	 {Toulouse, France},
  month = 	 {December},
  OPTorganization = {},
  OPTpublisher = {},
  OPTnote = 	 {},
  OPTannote = 	 {}
}



@BOOK{baerman10defectbook,
  title = {Defective Paradigms},
  publisher = {Oxford University Press},
  year = {2010},
  author = {Matthew Baerman and Greville G. Corbett and Dunstan Brown},
  address = {Oxford, UK},
  note= {Proceedings of the British Academy 145}
}



@Book{baker03,
 title = {Categories. Verbs Nouns, and Adjectives},
 publisher = {Cambridge University Press},
 year = {2003},
 author = {Baker, M. C.},
 ALTALTeditor = {},
 OPTkey = {},
 OPTvolume = {},
 OPTnumber = {},
 series = {Cambridge Sudies in Linguistics},
 address = {Cambridge, UK},
 OPTedition = {},
 OPTmonth = {},
 OPTnote = {},
 OPTannote = {},
 OPTurl = {},
 OPTdoi = {},
 OPTissn = {},
 OPTlocalfile = {},
 OPTabstracts = {},
}




@Book{baker88,
  author = 	 {Mark C. Baker},
  ALTeditor = 	 {},
  title = 	 {Incorporation.},
  publisher = 	 {University of Chicago Press},
  year = 	 {1988},
  OPTkey = 	 {},
  OPTvolume = 	 {},
  OPTnumber = 	 {},
  OPTseries = 	 {},
  address = 	 {Chicago, USA},
  OPTedition = 	 {},
  OPTmonth = 	 {},
  OPTnote = 	 {},
  OPTannote = 	 {}
}

@Book{beard95,
  author = 	 {Robert Beard},
  ALTeditor = 	 {},
  title = 	 {Lexeme-Morpheme Base Morphology},
  publisher = 	 {State University of New York Press},
  year = 	 {1995},
  OPTkey = 	 {},
  OPTvolume = 	 {},
  OPTnumber = 	 {},
  OPTseries = 	 {},
  address = 	 {Albany, N.Y.},
  OPTedition = 	 {},
  OPTmonth = 	 {},
  OPTnote = 	 {},
  OPTannote = 	 {}
}


@Book{bedir1970,
 title = {Grammaire kurde (Dialecte Kurmandji)},
 publisher = {Librairie d'Amérique et d'Orient},
 year = {1970},
 author = {Bedir Khan, Emir Djeladet and Roger Lescot},
 ALTALTeditor = {},
 OPTkey = {},
 OPTvolume = {},
 OPTnumber = {},
 OPTseries = {},
 address = {Paris, France},
 OPTedition = {},
 OPTmonth = {},
 OPTnote = {},
 OPTannote = {},
 OPTurl = {},
 OPTdoi = {},
 OPTissn = {},
 OPTlocalfile = {},
 OPTabstracts = {},
}

@Book{beidar1926,
 title = {Grammaire kurde},
 publisher = {Librairie Orientaliste P. Garthner},
 year = {1926},
 author = {Beidar, Paul},
 ALTALTeditor = {},
 OPTkey = {},
 OPTvolume = {},
 OPTnumber = {},
 OPTseries = {},
 address = {Paris, France},
 OPTedition = {},
 OPTmonth = {},
 OPTnote = {},
 OPTannote = {},
 OPTurl = {},
 OPTdoi = {},
 OPTissn = {},
 OPTlocalfile = {},
 OPTabstracts = {},
}

@Book{blau00,
 title = {Méthode de kurde sorani},
 publisher = {L'Harmattan},
 year = {2000},
 author = {Blau, Joyce},
 ALTALTeditor = {},
 OPTkey = {},
 OPTvolume = {},
 OPTnumber = {},
 OPTseries = {},
 address = {Paris, France},
 OPTedition = {},
 OPTmonth = {},
 OPTnote = {},
 OPTannote = {},
 OPTurl = {},
 OPTdoi = {},
 OPTissn = {},
 OPTlocalfile = {},
 OPTabstracts = {},
}


@PhdThesis{blau73,
 author = {Blau, Joyce},
 title = {Le kurde de 'Amadiya et le Djaba Sindjâr: textes, aperçu linguistique, glossaire},
 school = {Université Paris III},
 year = {1973},
 OPTkey = {},
 OPTtype = {},
 OPTaddress = {},
 OPTmonth = {},
 OPTnote = {},
 OPTannote = {},
 OPTurl = {},
 OPTdoi = {},
 OPTissn = {},
 OPTlocalfile = {},
 OPTabstract = {},
}

@Book{blau80,
 title = {Manuel de kurde, dialecte sorani: grammaire, textes de lecture, vocabulaire kurde-français et français-kurde},
 publisher = {C. Klincksieck},
 year = {1980},
 author = {Blau, Joyce},
 ALTALTeditor = {},
 OPTkey = {},
 OPTvolume = {},
 OPTnumber = {},
 OPTseries = {},
 address = {Paris, France},
 OPTedition = {},
 OPTmonth = {},
 OPTnote = {},
 OPTannote = {},
 OPTurl = {},
 OPTdoi = {},
 OPTissn = {},
 OPTlocalfile = {},
 OPTabstracts = {},
}

@InCollection{blau89,
 booktitle = {Compendium Linguarum Iranicarum},
 title = {Gurânî et Zâzâ},
 publisher = {Reichert Verlag},
 year = {1989},
 author = {Blau, Joyce},
 editor = {R. Schmitt},
 OPTkey = {},
 OPTvolume = {},
 OPTnumber = {},
 OPTseries = {},
 OPTtype = {},
 address = {Wiesbaden, Allemagne},
 OPTedition = {},
 OPTmonth = {},
 OPTpages = {},
 OPTnote = {},
 OPTannote = {},
 OPTurl = {},
 OPTdoi = {},
 OPTissn = {},
 OPTlocalfile = {},
 OPTabstract = {},
}

@InProceedings{bonamisamvelian08,
 author = {Olivier Bonami and Pollet Samvelian},
 title = {{S}orani {K}urdish person markers and the typology of agreement},
 booktitle = {13th International Morphology Meeting},
 OPTcrossref = {},
 OPTkey = {},
 OPTpages = {},
 year = {2008},
 OPTeditor = {},
 OPTvolume = {},
 OPTnumber = {},
 OPTseries = {},
 address = {Vienna, Austria},
 OPTmonth = {},
 OPTorganization = {},
 OPTpublisher = {},
 OPTnote = {},
 OPTannote = {},
 OPTurl = {},
 OPTdoi = {},
 OPTissn = {},
 OPTlocalfile = {},
 OPTabstract = {},
}

@Book{bresnan82,
  ALTauthor = 	 {},
  editor = 	 {Joan Bresnan},
  title = 	 {The {M}ental {R}epresentation of {G}rammatical {R}elations},
  chapter = 	 {The {P}assive in {L}exical {T}heory},
  publisher = 	 {MIT Press},
  year = 	 {1982},
  OPTkey = 	 {},
  OPTvolume = 	 {},
  OPTnumber = 	 {},
  OPTseries = 	 {},
  OPTtype = 	 {},
  OPTaddress = 	 {},
  OPTedition = 	 {},
  OPTmonth = 	 {},
  pages = 	 {3-86},
  OPTnote = 	 {},
  OPTannote = 	 {}
}




@Article{bresnan95,
  author = 	 {Joan Bresnan},
  title = 	 {The Lexical Integrity Principle: Evidence from {B}antu},
  journal = 	 {Natural Language and Language Theory},
  year = 	 {1995},
  OPTkey = 	 {},
  OPTvolume = 	 {},
  OPTnumber = 	 {},
  OPTpages = 	 {},
  OPTmonth = 	 {},
  OPTnote = 	 {},
  OPTannote = 	 {}
}

@Article{bresnanmchombo87,
 author = {Bresnan, J. and Mchombo, S.},
 title = {Topic, pronoun, and agreement in Chiche ˆwa},
 journal = {Language},
 year = {1987},
 OPTkey = {},
 volume = {63},
 OPTnumber = {},
 pages = {741–782},
 OPTmonth = {},
 OPTnote = {},
 OPTannote = {},
 OPTurl = {},
 OPTdoi = {},
 OPTissn = {},
 OPTlocalfile = {},
 OPTabstract = {},
}


@InProceedings{brown10hpsg,
  author = 	 {Dunstan P. Brown and Robert Evans},
  title = 	 {Inflectional Defaults and Principal Parts: an Empirical Investigation},
  OPTcrossref =  {},
  OPTkey = 	 {},
  booktitle = {CSLI Proceedings of the HPSG10 Conference},
  pages = 	 {234-254},
  year = 	 {2010},
  editor = 	 {Stefan Müller},
  OPTvolume = 	 {},
  OPTnumber = 	 {},
  OPTseries = 	 {},
  address = 	 {Universit\'e Paris Diderot, Paris 7, France},
  OPTmonth = 	 {},
  OPTorganization = {},
  OPTpublisher = {},
  note = 	 {17th International Conference on Head-Driven Phrase Structure Grammar HPSG10},
  OPTannote = 	 {}
}


@Unpublished{brown11,
  author = 	 {Dunstan Brown and Marina Chumakina and Greville G. Corbett and Gergana Popova and Andrew Spencer},
  title = 	 {Defining 'periphrasis': key notions},
  note = 	 {To be published.},
  OPTkey = 	 {},
  OPTmonth = 	 {},
  year = 	 {2012},
  OPTannote = 	 {}
}
@Book{brown12network,
  author = 	 {Dunstan Brown and Andrew Hippisley},
  ALTeditor = 	 {},
  title = 	 {Network Morphology: A Defaults-based Theory of Word Structure},
  publisher = 	 {Cambridge University Press},
  year = 	 {2012},
  OPTkey = 	 {},
  OPTvolume = 	 {},
  OPTnumber = 	 {},
  OPTseries = 	 {},
  OPTaddress = 	 {},
  OPTedition = 	 {},
  OPTmonth = 	 {},
  OPTnote = 	 {},
  OPTannote = 	 {}
}

@Article{brown96,
  author = 	 {Dunstan Brown and Greville G. Corbett and Norman Fraser and Andrew Hippisley and Alan Timberlake},
  title = 	 {Russian Noun Stress and Network Morphology},
  journal = 	 {Linguistics},
  year = 	 {1996},
  OPTkey = 	 {},
  OPTvolume = 	 {},
  OPTnumber = 	 {},
  OPTpages = 	 {},
  OPTmonth = 	 {},
  OPTnote = 	 {},
  OPTannote = 	 {}
}

@Article{brown98polish,
  author = 	 {Dunstan P. Brown},
  title = 	 {Defining 'subgender': virile and devirilised nouns in Polish},
  journal = 	 {Lingua},
  year = 	 {1998},
  OPTkey = 	 {},
  volume = 	 {104},
  OPTnumber = 	 {},
  pages = 	 {187-233},
  OPTmonth = 	 {},
  OPTnote = 	 {},
  OPTannote = 	 {}
}

@Article{camilleri11linguistica,
  author = 	 {Maris Camilleri},
  title = 	 {Island Morphology: Morphology's Interactions In the Study of Stem Patterns},
  journal = 	 {Linguistica},
  year = 	 {2011},
  OPTkey = 	 {},
  volume = 	 {51},
  OPTnumber = 	 {},
  pages = 	 {65-84},
  OPTmonth = 	 {},
  note = 	 { Internal and External Boundaries of Morphology.},
  OPTannote = 	 {}
}



@Unpublished{camilleri12imm,
  author = 	 {Maris Camilleri},
  title = 	 {Stem patterns across Maltese verbal paradigms},
  note = 	 {Communication at the 15th International Morphology Meeting (IMM15). January 9th-12th 2012. Vienna, Austria},
  OPTkey = 	 {},
  OPTmonth = 	 {},
  year = 	 {2012},
  OPTannote = 	 {}
}

@Article{corbett03,
 author = {Corbett, Greville G.},
 title = {Agreement: the range of the phenomenon and the principles of the Surrey database of agreement},
 journal = {Transactions of the philological society},
 year = {2003},
 OPTkey = {},
 volume = {101},
 OPTnumber = {},
 pages = {155–202},
 OPTmonth = {},
 OPTnote = {},
 OPTannote = {},
 OPTurl = {},
 OPTdoi = {},
 OPTissn = {},
 OPTlocalfile = {},
 OPTabstract = {},
}



@Book{corbett06,
 title = {Agreement},
 publisher = {Cambridge University Press},
 year = {2006},
 author = {Corbett, Greville G.},
 ALTALTeditor = {},
 OPTkey = {},
 OPTvolume = {},
 OPTnumber = {},
 series = {Cambridge Textbooks in Linguistics},
 address = {Cambridge, Royaume Uni},
 OPTedition = {},
 OPTmonth = {},
 OPTnote = {},
 OPTannote = {},
 OPTurl = {},
 OPTdoi = {},
 OPTissn = {},
 OPTlocalfile = {},
 OPTabstracts = {},
}






@InProceedings{corbett07a,
  author = 	 {Greville G. Corbett},
  title = 	 {{D}eponency, {S}yncretism, and {W}hat {L}ies {B}etween},
  OPTcrossref =  {},
  OPTkey = 	 {},
  booktitle = {{D}eponency and {M}orphological {M}ismatches},
  pages = 	 {21-43},
  year = 	 {2007},
  editor = 	 {Matthew Baerman and Greville G. Corbett and Dunstan Brown and Andrew Hippisley},
  volume = 	 {145},
  OPTnumber = 	 {},
  OPTseries = 	 {},
  OPTaddress = 	 {},
  OPTmonth = 	 {},
  organization = {The British Academy},
  publisher = {Oxford University Press},
  OPTnote = 	 {},
  OPTannote = 	 {}
}



@Article{corbett07b,
  author = 	 {Greville G. Corbett},
  title = 	 {Canonical Typology, suppletion and possible words},
  journal = 	 {Language},
  year = 	 {2007},
  OPTkey = 	 {},
  volume = 	 {83},
  OPTnumber = 	 {},
  pages = 	 {8-42},
  OPTmonth = 	 {},
  OPTnote = 	 {},
  OPTannote = 	 {}
}



@Unpublished{corbett10coimbra,
  author = 	 {Greville G. Corbett},
  title = 	 {Morphomic Splits},
  note = 	 {Presented at the workshop ‘Perspectives on the Morphome’. University of Coimbra, 29-30 October 2010.},
  OPTkey = 	 {},
  OPTmonth = 	 {},
  year = 	 {2010},
  OPTannote = 	 {}
}

@Article{corbett93,
  author = 	 {Greville G. Corbett and Norman Fraser },
  title = 	 {{N}etwork {M}orphology: a {DATR} account of {R}ussian nominal inflection},
  journal = 	 {Journal of Linguistics},
  year = 	 {1993},
  OPTkey = 	 {},
  volume = 	 {29},
  OPTnumber = 	 {},
  pages = 	 {113-142},
  OPTmonth = 	 {},
  OPTnote = 	 {},
  OPTannote = 	 {}
}

@Article{corbett96,
  author = 	 {Corbett, Greville G. and Marianne Mithun},
  title = 	 {Associative forms in a typology of number systems: evidence from Yup’ik},
  journal = 	 { Journal of Linguistics},
  year = 	 {1996},
  OPTkey = 	 {},
  volume = 	 {32},
  OPTnumber = 	 {},
  pages = 	 {1-17},
  OPTmonth = 	 {},
  OPTnote = 	 {},
  OPTannote = 	 {}
}




@incollection{crysmann00,
 	author       = "Berthold Crysmann",
 	booktitle    = "Clitics in Phonology, Morphology, and Syntax",
 	email        = "crysmann@dfki.de",
 	editor       = "Birgit Gerlach and Janet Grijzenhout",
 	homepage     = "http://www.coli.uni-sb.de/~crysmann/",
 	pages        = "121-159",
 	publisher    = "John Benjamins",
 	title        = "Clitics and Coordination in Linear Structure",
 	url          = "http://www.coli.uni-sb.de/~crysmann/papers/ClCoord.html",
 	url_checked  = "01.31.04",
 	year         = "2000"
}

@incollection{crysmann00b,
 	address      = "Stanford",
 	author       = "Berthold Crysmann",
 	booktitle    = "Grammatical Interfaces in HPSG",
 	chapter      = "5",
 	email        = "crysmann@dfki.de",
 	editor       = "Ronnie Cann and Claire Grover and Philip Miller",
 	homepage     = "http://www.coli.uni-sb.de/~crysmann/",
 	pages        = "77-96",
 	publisher    = "CSLI Publications",
 	title        = "Syntactic Transparency of Pronominal Affixes",
 	url          = "http://www.coli.uni-sb.de/~crysmann/papers/SynTran.html",
 	url_checked  = "01.31.04",
 	year         = "2000"
}

@book{crysmann02,
 	address      = "Saar\-br{\"u}\discretionary{k-}{k}{ck}en",
 	author       = "Berthold Crysmann",
 	number       = "15",
 	publisher    = {Deutsches Forschungszentrum f\"ur K\"unstliche Intelligenz and Uni\-ver\-si\-t{\"a}t des Saarlandes},
 	series       = "Saar\-br{\"u}\discretionary{k-}{k}{ck}en Dissertations in Computational Linguistics and Language Technology",
 	title        = "Constraint-Based Coanalysis: Portuguese Cliticisation and Morphology-Syntax Interaction in {HPSG}",
 	year         = "2002"
}



@inproceedings{crysmann03c,
 	address      = "Stanford",
 	author       = "Berthold Crysmann",
 	booktitle    = "The Proceedings of the 9th International Conference on Head-Driven Phrase Structure Grammar",
 	editor       = "Jong-Bok Kim and Stephen Wechsler",
 	pages        = "67-89",
 	publisher    = "CSLI Publications",
 	title        = "Clitic Climbing Revisited",
 	url          = "http://cslipublications.stanford.edu/HPSG/3/",
 	url_checked  = "08.19.07",
 	year         = "2003"
}




@inproceedings{crysmann05a,
 	address      = "Stanford",
 	author       = "Berthold Crysmann",
 	booktitle    = "The Proceedings of the 12th International Conference on Head-Driven Phrase Structure Grammar, Department of Informatics, University of Lisbon",
 	editor       = "Stefan M{\"u}ller",
 	pages        = "91--107",
 	publisher    = "CSLI Publications",
 	title        = "Syncretism in {G}erman: A Unified Approach to Underspecification, Indeterminacy, and Likeness of Case",
 	url          = "http://cslipublications.stanford.edu/HPSG/6/",
 	url_checked  = "08.19.07",
 	year         = "2005"
}



@inproceedings{crysmann05b,
 	address      = "Stanford",
 	author       = "Berthold Crysmann",
 	booktitle    = "The Proceedings of the 13th International Conference on Head-Driven Phrase Structure Grammar",
 	editor       = "Stefan M{\"u}ller",
 	pages        = "123--139",
 	publisher    = "CSLI Publications",
 	title        = "Floating Affixes in Polish",
 	url          = "http://cslipublications.stanford.edu/HPSG/7/",
 	url_checked  = "08.19.07",
 	year         = "2006"
}

@inproceedings{crysmann09,
 	address      = "Stanford",
 	author       = "Berthold Crysmann",
 	booktitle    = "Proceedings of the 16th International Conference on Head-Driven Phrase Structure Grammar, University of G{\"o}ttingen, Allemagne",
 	pages        = "68--88",
 	publisher    = "CSLI Publications",
 	title        = "Deriving Superficial Ergativity in Nias",
 	url          = "http://cslipublications.stanford.edu/HPSG/2009/",
 	url_checked  = "31.10.2009",
 	year         = "2009"
}



@inproceedings{crysmann97,
 	address      = "Stanford",
 	author       = "Berthold Crysmann",
 	booktitle    = "Proceedings of the LFG97 Conference. University of California, San Diego",
 	email        = "crysmann@coli.uni-sb.de",
 	editor       = "Miriam Butt and Tracy Holloway King",
 	homepage     = "http://www.coli.uni-sb.de/~crysmann/",
 	publisher    = "CSLI Publications",
 	title        = "Cliticization in {European} {Portuguese} Using Parallel Morpho--Syntactic Constraints",
 	url          = "http://www-csli.stanford.edu/publications/",
 	url_checked  = "01.03.10",
 	year         = "1997"
}



@inproceedings{crysmann98,
 	address      = "Ithaca",
 	author       = "Berthold Crysmann",
 	booktitle    = "Proceedings of the Eastern States Conference on Linguistics (ESCOL '97), Yale",
 	email        = "crysmann@coli.uni-sb.de",
 	homepage     = "http://www.coli.uni-sb.de/~crysmann/",
 	publisher    = "CLC publications",
 	title        = "The Conspiracy of Quantification and Linear Precedence in {European} {Portuguese} Proclisis",
 	url          = "http://www.coli.uni-sb.de/~crysmann/papers/Conspire.html",
 	url_checked  = "01.31.04",
 	year         = "1998"
}

@incollection{crysmann99,
 	address      = "The Hague",
 	author       = "Berthold Crysmann",
 	booktitle    = "Empirical Issues in Formal Syntax and Semantics. Selected papers from the {Colloque de Syntaxe et de Sémantique de Paris (CSSP 1997)}",
 	email        = "crysmann@coli.uni-sb.de",
 	editor       = "F. Corblin and J.-M. Marandin and C. Dobrovie-Sorin",
 	homepage     = "http://www.coli.uni-sb.de/~crysmann/",
 	pages        = "255--276",
 	publisher    = "Thesus",
 	title        = "Licensing Proclisis in {E}uropean {P}ortuguese",
 	url          = "http://www.coli.uni-sb.de/~crysmann/papers/License.html",
 	url_checked  = "01.31.04",
 	year         = "1999"
}


@Book{disciullo87,
  author = 	 {Anna-Maria di Sciullo and Edwin Williams},
  ALTeditor = 	 {},
  title = 	 {On the Definition of Word},
  publisher = 	 {MIT Press},
  year = 	 {1987},
  OPTkey = 	 {},
  OPTvolume = 	 {},
  OPTnumber = 	 {},
  OPTseries = 	 {},
  address = 	 {Cambridge, MA, USA},
  OPTedition = 	 {},
  OPTmonth = 	 {},
  OPTnote = 	 {},
  OPTannote = 	 {}
}

@Book{fradin03a,
  author = 	 {Bernard Fradin},
  ALTeditor = 	 {},
  title = 	 {Nouvelles approches en morphologie},
  publisher = 	 {Presses Universitaires de France},
  year = 	 {2003},
  OPTkey = 	 {},
  OPTvolume = 	 {},
  OPTnumber = 	 {},
  OPTseries = 	 {},
  address = 	 {Paris, France},
  OPTedition = 	 {},
  OPTmonth = 	 {},
  OPTnote = 	 {},
  OPTannote = 	 {}
}



@InProceedings{fradin03b,
  author = 	 {Fradin, Bernard and Françoise Kerleroux},
  title = 	 {Troubles with Lexemes},
  OPTcrossref =  {},
  OPTkey = 	 {},
  booktitle = {Selected papers from the Third Mediterranean Morphology Meeting},
  pages = 	 {177-196},
  year = 	 {2003},
  editor = 	 {Geert Booij and Janet de Cesaris, Sergio Scalise, Angela Ralli},
  OPTvolume = 	 {},
  OPTnumber = 	 {},
  series = 	 {Topics in Morphology},
  address = 	 {Barcelona, Spain},
  month = 	 {September 20-22 2001},
  OPTorganization = {},
  publisher = {IULA-Universitat Pompeu Fabra},
  OPTnote = 	 {},
  OPTannote = 	 {}
}



@Book{garzoni1787,
 title = {Grammatica e Vocabulario della Lingua Kurda},
 publisher = {Sacra Congregazione di Propaganda Fide,},
 year = {1787},
 author = {Maurizio Garzoni},
 ALTALTeditor = {},
 OPTkey = {},
 OPTvolume = {},
 OPTnumber = {},
 OPTseries = {},
 address = {Rome, Italy},
 OPTedition = {},
 OPTmonth = {},
 OPTnote = {},
 OPTannote = {},
 OPTurl = {},
 OPTdoi = {},
 OPTissn = {},
 OPTlocalfile = {},
 OPTabstracts = {},
}


 
@Book{haig10,
  author = 	 {Geoffrey Haig},
  ALTeditor = 	 {},
  XXXtitle = 	 {Alignment {C}hange in {I}ranian {L}anguages: {A} {C}onstruction {G}rammar {A}pproach},
  title = 	 {Alignment change in {I}ranian languages: a construction grammar approach},
  XXXpublisher = 	 {Walter de Gruyter},
  publisher = 	 {De Gruyter},
  year = 	 {2010},
  OPTkey = 	 {},
  OPTvolume = 	 {},
  OPTnumber = 	 {},
  OPTseries = 	 {},
  OPTaddress = 	 {},
  OPTedition = 	 {},
  OPTmonth = 	 {},
  OPTnote = 	 {},
  OPTannote = 	 {}
} 
 

 
 
@Book{harris02,
  author = 	 {Alice Harris},
  ALTeditor = 	 {},
  title = 	 {Endoclitics and the Origins of {U}di Morphosyntax},
  publisher = 	 {Oxford University Press},
  year = 	 {2002},
  OPTkey = 	 {},
  OPTvolume = 	 {},
  OPTnumber = 	 {},
  OPTseries = 	 {},
  address = 	 {Oxford, UK},
  OPTedition = 	 {},
  OPTmonth = 	 {},
  OPTnote = 	 {},
  OPTannote = 	 {}
} 



@Book{justi1880,
 title = {Kurdische Grammatik},
 publisher = {Commission\"are der Kaiserlichen akademie der wissenschaften, Eggers \& c.u. J. Glasunow},
 year = {1880},
 author = {Justi, Ferdinand},
 ALTALTeditor = {},
 OPTkey = {},
 OPTvolume = {},
 OPTnumber = {},
 OPTseries = {},
 address = {St. Pertersburg, Russian Empire},
 OPTedition = {},
 OPTmonth = {},
 OPTnote = {},
 OPTannote = {},
 OPTurl = {},
 OPTdoi = {},
 OPTissn = {},
 OPTlocalfile = {},
 OPTabstracts = {},
}
@book{lazard06,
author = "Gilbert Lazard and Yann Richard and Rokhsareh Hechmati and Pollet Samvelian",
title = "Grammaire du persan contemporain",
year = 2006,
publisher = "Institut Fran\c{c}ais de Recherche en Iran \& Farhang Moaser Edition",
address = "Teheran, Iran",
}




@InCollection{lieber06,
  author = 	 {Rochelle Lieber},
  title = 	 {Syntax of Words},
  booktitle = 	 {The Encyclopedia of Language and Linguistics},
  OPTcrossref =  {},
  OPTkey = 	 {},
  pages = 	 {405-408},
  publisher = {Elsevier},
  year = 	 {2006},
  OPTeditor = 	 {},
  OPTvolume = 	 {},
  OPTnumber = 	 {},
  OPTseries = 	 {},
  OPTtype = 	 {},
  OPTchapter = 	 {},
  OPTaddress = 	 {},
  OPTedition = 	 {},
  OPTmonth = 	 {},
  OPTnote = 	 {},
  OPTannote = 	 {}
}


@PhdThesis{lieber80,
  author = 	 {Rochelle Lieber},
  title = 	 {On the Organization of the Lexicon},
  school = 	 {Massachusetts Institut of Technology},
  year = 	 {1980},
  OPTkey = 	 {},
  OPTtype = 	 {},
  address = 	 {New-York, NY, USA},
  OPTmonth = 	 {},
  OPTnote = 	 {},
  annote = 	 {Published in 1990 by Garland Publishing.}
}


@Book{lieber92,
  author = 	 {Rochelle Lieber},
  ALTeditor = 	 {},
  title = 	 {Deconstructing Morphology : Word Formation in Syntactic Theory},
  publisher = 	 {University of Chicago Press},
  year = 	 {1992},
  OPTkey = 	 {},
  OPTvolume = 	 {},
  OPTnumber = 	 {},
  OPTseries = 	 {},
  address = 	 {Chicago, USA},
  OPTedition = 	 {},
  OPTmonth = 	 {},
  OPTnote = 	 {},
  OPTannote = 	 {}
}


@Book{mackenzie1961,
 title = {{K}urdish dialect studies},
 XXXpublisher = {Oxford University Press},
 publisher = {Oxford Univ. Press},
 year = {1961},
 author = {MacKenzie, David N.},
 ALTALTeditor = {},
 OPTkey = {},
 OPTvolume = {1},
 Xnumber = {9},
 series = {London Oriental Series},
 address = {London, UK},
 OPTedition = {},
 OPTmonth = {},
 OPTnote = {},
 OPTannote = {},
 OPTurl = {},
 OPTdoi = {},
 OPTissn = {},
 OPTlocalfile = {},
 OPTabstracts = {},
}




@Book{mackenzie1962,
 title = {{K}urdish dialect studies},
 publisher = {Oxford University Press},
 year = {1962},
 author = {MacKenzie, David N.},
 ALTALTeditor = {},
 OPTkey = {},
 volume = {2},
 Xnumber = {9},
 series = {London Oriental Series},
 address = {London, UK},
 OPTedition = {},
 OPTmonth = {},
 OPTnote = {},
 OPTannote = {},
 OPTurl = {},
 OPTdoi = {},
 OPTissn = {},
 OPTlocalfile = {},
 OPTabstracts = {},
}

}
@Book{mann1906,
 title = {Die Mundarten der Mukri-Kurden, Teil I: Grammatikalische Skizze, Texte in phonetischer und persische Umschrift},
 publisher = {Georg Reimer},
 year = {1906},
 author = {Oskar Mann},
 ALTALTeditor = {},
 OPTkey = {},
 OPTvolume = {},
 OPTnumber = {},
 OPTseries = {},
 address = {Berlin, Allemagne},
 OPTedition = {},
 OPTmonth = {},
 OPTnote = {},
 OPTannote = {},
 OPTurl = {},
 OPTdoi = {},
 OPTissn = {},
 OPTlocalfile = {},
 OPTabstracts = {},
}

@Book{mann1910,
 title = {Die Mundarten der Lur-St\"amme im s\"udwestlichen Persien},
 publisher = {Georg Reimer},
 year = {1910},
 author = {Oskar Mann},
 ALTALTeditor = {},
 OPTkey = {},
 OPTvolume = {},
 OPTnumber = {},
 OPTseries = {},
 address = {Berlin, Allemagne},
 OPTedition = {},
 OPTmonth = {},
 OPTnote = {},
 OPTannote = {},
 OPTurl = {},
 OPTdoi = {},
 OPTissn = {},
 OPTlocalfile = {},
 OPTabstracts = {},
}

@Book{matthews72,
  author = 	 {Peter H. Matthews},
  ALTeditor = 	 {},
  title = 	 {Inflectional Morphology: a Theoretical Study Based on Aspect of Latin Verb Conjugation},
  publisher = 	 {Cambridge University Press},
  year = 	 {1972},
  OPTkey = 	 {},
  OPTvolume = 	 {},
  OPTnumber = 	 {},
  OPTseries = 	 {},
  address = 	 {Cambridge, UK},
  OPTedition = 	 {},
  OPTmonth = 	 {},
  OPTnote = 	 {},
  OPTannote = 	 {}
}

@Book{matthews74,
  author = 	 {Peter H. Matthews},
  ALTeditor = 	 {},
  title = 	 {Morphology},
  publisher = 	 {Cambridge University Press},
  year = 	 {1974},
  OPTkey = 	 {},
  OPTvolume = 	 {},
  OPTnumber = 	 {},
  OPTseries = 	 {},
  address = 	 {Cambridge, UK},
  OPTedition = 	 {},
  OPTmonth = 	 {},
  OPTnote = 	 {},
  OPTannote = 	 {}
}

@PhdThesis{mccarus1958,
 author = {McCarus, Ernest N.},
 title = {A {K}urdish Grammar: descriptive analysis of the {K}urdish of Sulaimaniya, Iraq},
 school = {American Council of Learned Societies},
 year = {1958},
 OPTkey = {},
 OPTtype = {},
 address = {New-York, USA},
 OPTmonth = {},
 OPTnote = {},
 OPTannote = {},
 OPTurl = {},
 OPTdoi = {},
 OPTissn = {},
 OPTlocalfile = {},
 OPTabstract = {},
}


@INPROCEEDINGS{sagot10lefff,
  author = {Beno\^it Sagot},
  title = {The \lefff, a freely available, accurate and large-coverage lexicon for {F}rench},
  booktitle = {Proceedings of the 7th Language Resource and Evaluation Conference},
  year = {2010},
  address = {Valletta, Malta},
}


@INPROCEEDINGS{sagot10perlex,
  author = {Beno\^it Sagot and G\'eraldine Walther},
  title = {A morphological lexicon for the {P}ersian language},
  booktitle = {Proceedings of the 7th Language Resources and Evaluation Conference
	(LREC'10)},
  year = {2010},
  address = {Valletta, Malta},
}
@INPROCEEDINGS{sagot10perlextaln,
  author = {Beno\^it Sagot and G\'eraldine Walther},
  title = {D\'eveloppement de ressources pour le persan: lexique morphologique et cha\^ine de traitements de surface},
  booktitle = {Actes de TALN 2010},
  year = {2010},
  address = {Montr\'eal, Canada},
  OPTnote = {}
}


@Unpublished{sagot11icil,
  author = {Beno\^it Sagot and G\'eraldine Walther and Pegah Faghiri and Pollet Samvelian},
  title = {A new morphological lexicon and a POS tagger for the Persian Language},
  note = 	 {Communication \`a la 4eme \'edition de la International Conference on Iranian Linguistics (ICIL4). 17-19 juin 2011. Uppsala, Su\`ede},
  OPTkey = 	 {},
  OPTmonth = 	 {},
  year = 	 {2011},
  OPTannote = 	 {}
}

@INPROCEEDINGS{sagot11perlextaln,
  author = {Beno\^it Sagot and G\'eraldine Walther and Pegah Faghiri and Pollet Samvelian},
  title = {D\'eveloppement de ressources pour le persan: le nouveau lexique morphologique \perlex 2 et l'\'etiqueteur morphosyntaxique \meltfa},
  booktitle = {Actes de TALN 2011},
  year = {2011},
  address = {Montpellier, France},
  OPTnote = {},
}

@Article{sagot11sfcm,
  author = 	 {Sagot, Beno\^it and G\'eraldine Walther},
  title = 	 {Non-canonical inflection : data, formalisation and complexity measures.},
  journal = 	 {Communications in Computer and Information Science},
  year = 	 {2011},
  OPTkey = 	 {},
  volume = 	 {100},
  OPTnumber = 	 {},
  OPTpages = 	 {},
  OPTmonth = 	 {},
  note = 	 {Systems and Frameworks for Computational Morphology},
  OPTannote = 	 {}
}


@InProceedings{samvelian07csli,
 author = {Samvelian, Pollet},
 title = {What {S}orani {K}urdish Absolute Prepositions Tell us About Cliticization},
 booktitle = {Texas Linguistics Society IX: The Morphosyntaxe of Understudied Languages},
 OPTcrossref = {},
 OPTkey = {},
 OPTpages = {},
 year = {2007},
 editor = {Frederic Hoyt and Nikki Seifert and Alexandra Teodorescu},
 OPTvolume = {},
 OPTnumber = {},
 OPTseries = {},
 address = {Stanford, USA},
 OPTmonth = {},
 OPTorganization = {},
 publisher = {CSLI online publications},
 OPTnote = {},
 OPTannote = {},
 OPTurl = {},
 OPTdoi = {},
 OPTissn = {},
 OPTlocalfile = {},
 OPTabstract = {},
}


@article{soane1912,
 author = {Soane, E.B.},
 title = {The Origins of {K}urdish},
 journal = {JRAS},
 OPTcrossref = {},
 OPTkey = {},
 OPTpages = {},
 OPTpublisher = {},
 year = {1912},
 OPTeditor = {},
 OPTvolume = {},
 OPTnumber = {},
 OPTseries = {},
 OPTtype = {},
 OPTchapter = {},
 OPTaddress = {},
 OPTedition = {},
 OPTmonth = {},
 OPTnote = {},
 OPTannote = {},
 OPTurl = {},
 OPTdoi = {},
 OPTissn = {},
 OPTlocalfile = {},
 OPTabstract = {},
}

@Book{soane1913,
 title = {{K}urdish Grammar (Grammar of the Kurmandj or {K}urdish Dialect)},
 publisher = {Luzac \& co.},
 year = {1913},
 author = {Soane, E.B.},
 ALTALTeditor = {},
 OPTkey = {},
 OPTvolume = {},
 OPTnumber = {},
 OPTseries = {},
 OPTaddress = {},
 OPTedition = {},
 OPTmonth = {},
 OPTnote = {},
 OPTannote = {},
 OPTurl = {},
 OPTdoi = {},
 OPTissn = {},
 OPTlocalfile = {},
 OPTabstracts = {},
}


@Book{stump01,
 title = {Inflectional Morphology. A Theory of Paradigm Structure},
 publisher = {Cambridge University Press},
 year = {2001},
 author = {Stump, G. T.},
 ALTALTeditor = {},
 OPTkey = {},
 OPTvolume = {},
 OPTnumber = {},
 OPTseries = {},
 address = {Cambridge, Royaume Uni},
 OPTedition = {},
 OPTmonth = {},
 OPTnote = {},
 OPTannote = {},
 OPTurl = {},
 OPTdoi = {},
 OPTissn = {},
 OPTlocalfile = {},
 OPTabstracts = {},
}



@Article{stump06a,
  author = 	 {Gregory T. Stump},
  title = 	 {Heteroclisis and Paradigm Linkage},
  journal = 	 {Language},
  year = 	 {2006},
  OPTkey = 	 {},
  volume = 	 {82},
  OPTnumber = 	 {},
  pages = 	 {279-322},
  OPTmonth = 	 {},
  OPTnote = 	 {},
  OPTannote = 	 {}
}


@InCollection{stump06b,
 author = {Gregory T. Stump},
 title = {Paradigm Function Morphology},
 booktitle = {Encyclopedia of Language and Linguistics},
 OPTcrossref = {},
 OPTkey = {},
 pages = {171-173},
 publisher = {Elsevier},
 OPTyear = {},
 editor = {Keith Brown},
 OPTvolume = {9},
 OPTnumber = {},
 OPTseries = {},
 OPTtype = {},
 OPTchapter = {},
 address = {Oxford},
 OPTedition = {},
 OPTmonth = {},
 OPTnote = {},
 OPTannote = {},
 OPTurl = {},
 OPTdoi = {},
 OPTissn = {},
 OPTlocalfile = {},
 OPTabstract = {},
}

@Unpublished{thackston06s,
 author = {Thackston, W.M.},
 title = {{S}orani {K}urdish: A Reference Grammar with Selected Readings},
 note = {Publi\'e en ligne.},
 OPTkey = {},
 OPTmonth = {},
 year = {2006},
 OPTannote = {},
 url = {http://www.fas.harvard.edu/~iranian/{S}orani/sorani_1_grammar.pdf},
 OPTdoi = {},
 OPTissn = {},
 OPTlocalfile = {},
 OPTabstract = {},
}






@Book{wahby1956,
 title = {The {K}urdish Grammar},
 publisher = {Librairie d'Amérique et d'Orient},
 year = {1956},
 author = {Wahby, Towfiq},
 ALTALTeditor = {},
 OPTkey = {},
 volume = {1},
 OPTnumber = {},
 OPTseries = {},
 address = {Baghdad, Iraq},
 OPTedition = {},
 OPTmonth = {},
 OPTnote = {},
 OPTannote = {},
 OPTurl = {},
 OPTdoi = {},
 OPTissn = {},
 OPTlocalfile = {},
 OPTabstracts = {},
}





@INPROCEEDINGS{walther10kurlex,
  author = {G\'eraldine Walther and Beno\^it Sagot and Kar\¨en Fort},
  title = {Fast {D}evelopment of {B}asic {NLP} {T}ools: {T}owards a {L}exicon and a {POS} {T}agger for {K}urmanji {K}urdish},
  booktitle = {Proceedings of the 29th {I}nternational {C}onference on {L}exis and {G}rammar},
  year = {2010},
  address = {Belgrad, Serbia}
}





@INPROCEEDINGS{walther10soralex,
  author = {G\'eraldine Walther and Beno\^it Sagot},
  title = {{D}eveloping a {L}arge-{S}cale {L}exicon for a {L}ess-{R}esourced
	{L}anguage: {G}eneral {M}ethodology and {P}reliminary {E}xperiments
	on {S}orani {K}urdish},
  booktitle = {Proceedings of the 7th SaLTMiL Workshop on Creation and use of basic
	lexical resources for less-resourced languages (LREC 2010 Workshop)},
  year = {2010},
  address = {Valetta, Malta}
}

@Unpublished{walther11icil,
  author = 	 {G\'eraldine Walther},
  title = 	 {A Derivational Account for {S}orani {K}urdish Passives.},
  note = 	 {Communication at the 4th International Conference on Iranian Linguistics (ICIL4). June 17th-19th 2011. Uppsala, Sweden},
  OPTkey = 	 {},
  OPTmonth = 	 {},
  year = 	 {2011},
  OPTannote = 	 {}
}




@Unpublished{walther11lagb,
  author = 	 {G\'eraldine Walther},
  title = 	 {Latin Passive Morphology Revisited},
  note = 	 {Communication at the Annual Meeting Linguistic Association of Great-Britain (LAGB 2011). September 7th-10th 2011. Manchester, UK},
  OPTkey = 	 {},
  OPTmonth = 	 {},
  year = 	 {2011},
  OPTannote = 	 {}
}

@INPROCEEDINGS{walther11lgc,
  author = {G\'eraldine Walther and Beno\^it Sagot},
  title = {Probl\`emes d'int\'egration morphologique d'emprunts d'origine anglaise en français},
  booktitle = {30$^{e}$ Colloque sur le Lexique et la Grammaire},
  year = {2011},
  address = {Nicosie, Chypre}
}


@Article{walther11linguistica,
  author = 	 {G\'eraldine Walther},
  title = 	 {Measuring Morphological Canonicity},
  journal = 	 {Linguistica},
  year = 	 {2011},
  OPTkey = 	 {},
  volume = 	 {51},
  OPTnumber = 	 {},
  pages = 	 {157-179},
  OPTmonth = 	 {},
  note = 	 { Internal and External Boundaries of Morphology.},
  OPTannote = 	 {}
}


@Unpublished{walther11mmm,
  author = 	 {G\'eraldine Walther},
  title = 	 {When endoclitics account for structure in morphology : a Sorani Kurdish case study},
  note = 	 {Communication at the  Mediterranean Morphology Meeting (MMM8). 15-17 septembre 2011. Cagliari, Italy},
  OPTkey = 	 {},
  OPTmonth = 	 {},
  year = 	 {2011},
  OPTannote = 	 {}
}
@Article{walther11tal,
  author = 	 {G\'eraldine Walther and Beno\^it Sagot},
  title = 	 {Mod\'elisation et impl\'ementation de ph\'enom\`enes non-canoniques},
  journal = 	 {Revue TAL},
  year = 	 {2011},
  OPTkey = 	 {},
  volume = 	 {52},
  number = 	 {2/2011},
  OPTpages = 	 {},
  OPTmonth = 	 {},
  note = 	 {Vers la morphologie et au-del\`a.},
  OPTannote = 	 {}
}

@inproceedings{walther11woler,
 author    = {G\'eraldine Walther and Lionel Nicolas},
 title 	   = {Enriching {M}orphological {L}exica through {U}nsupervised {D}erivational {R}ule {A}cquisition},
 booktitle = {Proceedings of WoLeR 2011, ESSLLI Int. Wkshp on {L}exical {R}essources},
 month     = {August},
 year      = {2011},
 address   = {Ljubljana, Slovenia},
 }



@Unpublished{walther12imm,
  author = 	 {G\'eraldine Walther},
  title = 	 {Formally Encoding Morphomicity},
  note = 	 {Poster presentation at the 15th International Morphology Meeting (IMM15). January 9th-12th 2012. Vienna, Austria},
  OPTkey = 	 {},
  OPTmonth = 	 {},
  year = 	 {2012},
  OPTannote = 	 {}
}


@Unpublished{walther12slc,
  author = 	 {G\'eraldine Walther},
  title = 	 {Assessing Description Compactedness : A Comparative Study of 4 Competing Formalisations for French Verbal Inflection},
  note = 	 {Communication ar the Surrey Linguistic Circle, University of Surrey, Guildford, UK, January 17th 2012.},
  OPTkey = 	 {},
  OPTmonth = 	 {},
  year = 	 {2012},
  OPTannote = 	 {}
}

@Inproceedings{zwicky77,
 author = {Zwicky, Arnold M.},
 title = {On Clitics},
 booktitle = {Indiana University Linguistics Club},
 OPTcrossref = {},
 OPTkey = {},
 OPTpages = {},
 OPTpublisher = {},
 year = {1977},
 OPTeditor = {},
 OPTvolume = {},
 OPTnumber = {},
 publisher = {Ohio University Press},
 OPTtype = {},
 OPTchapter = {},
 address = {Bloomington, USA},
 OPTedition = {},
 OPTmonth = {},
 OPTnote = {},
 OPTannote = {},
 OPTurl = {},
 OPTdoi = {},
 OPTissn = {},
 OPTlocalfile = {},
 OPTabstract = {},
}


@InProceedings{zwicky82,
 author = {Zwicky, Arnold M.},
 title = {An expanded view of morphology in the syntax-phonology interface},
 booktitle = {13th International Congress of Linguists},
 OPTcrossref = {},
 OPTkey = {},
 OPTpages = {},
 year = {1982},
 OPTeditor = {},
 OPTvolume = {},
 OPTnumber = {},
 OPTseries = {},
 address = {Tokyo, Japan},
 OPTmonth = {},
 OPTorganization = {},
 OPTpublisher = {},
 OPTnote = {},
 OPTannote = {},
 OPTurl = {},
 OPTdoi = {},
 OPTissn = {},
 OPTlocalfile = {},
 OPTabstract = {},
}



@InProceedings{zwicky85a,
  author = 	 {Arnold M. Zwicky},
  title = 	 {How to describe inflection},
  OPTcrossref =  {},
  OPTkey = 	 {},
  booktitle = {Proceedings of the Eleventh Annual Meeting of the Berkeley Linguistic Society},
  pages = 	 {372-386},
  year = 	 {1985},
  editor = 	 {Mary Niepokuj and Mary Van Clay and Vassiliki Nikiforidou and Deborah Feder},
  OPTvolume = 	 {},
  OPTnumber = 	 {},
  OPTseries = 	 {},
  address = 	 {Berkeley, USA},
  OPTmonth = 	 {},
  OPTorganization = {},
  publisher = {Berkeley Linguistic Society},
  OPTnote = 	 {},
  OPTannote = 	 {}
}

@Article{zwicky85b,
 author = {Zwicky, Arnold M.},
 title = {Clitics and particles},
 journal = {Language},
 year = {1985},
 OPTkey = {},
 volume = {61},
 OPTnumber = {},
 pages = {283-305},
 OPTmonth = {},
 OPTnote = {},
 OPTannote = {},
 OPTurl = {},
 OPTdoi = {},
 OPTissn = {},
 OPTlocalfile = {},
 OPTabstract = {},
}


@InCollection{zwicky90,
  author = 	 {Zwicky, Arnold M.},
  title = 	 {Inflectional morphology as a (sub)component of grammar},
  booktitle = 	 {Contemporary Morphology},
  OPTcrossref =  {},
  OPTkey = 	 {},
  pages = 	 {217-236},
  publisher = {De Gruyter Mouton},
  year = 	 {1990},
  editor = 	 {Dressler, Wolfgang U. and Luschützky, Hans C. and Pfeiffer, Oskar E. and Rennison, John R.},
  volume = 	 {49},
  OPTnumber = 	 {},
  OPTseries = 	 {Trends in Linguistics. Studies and Monographs [TiLSM]},
  OPTtype = 	 {},
  OPTchapter = 	 {},
  address = 	 {Berlin/New-York},
  OPTedition = 	 {},
  OPTmonth = 	 {},
  OPTnote = 	 {},
  OPTannote = 	 {}
}


@Article{zwickypullum83,
 author = {Zwicky, A. M. and Pullum, G. K.},
 title = {Cliticization vs. Inflextion : English n't},
 journal = {Language},
 year = {1983},
 OPTkey = {},
 volume = {59},
 OPTnumber = {},
 OPTpages = {},
 OPTmonth = {},
 OPTnote = {},
 OPTannote = {},
 OPTurl = {},
 OPTdoi = {},
 OPTissn = {},
 OPTlocalfile = {},
 OPTabstract = {},
} 
 