@ARTICLE{jacques10inverse,
  author = {Jacques, Guillaume},
  title = {{T}he {I}nverse in {J}aphug {R}gyalrong},
  journal = {Language and Linguistics},
  year = {2010},
  volume = {11.1},
  pages = {127-157},
  owner = {Abeille},
  timestamp = {2010.04.20}
}

@BOOK{zuniga06,
  title = {{D}eixis and {A}lignment - {I}nverse systems in indigenous languages
	of the {A}mericas},
  publisher = {Amsterdam: Benjamins},
  year = {2006},
  author = {Z\'u\~niga, Fernando},
  owner = {Abeille},
  timestamp = {2011.06.28}
}

@ARTICLE{jacques12khaling,
  author = {Jacques, Guillaume and Lahaussois, Aim\'ee and Michailovsky, Boyd and
	Rai, Dhan Bahadur},
  title = {{A}n overview of {K}haling verbal morphology},
  journal = {Language and linguistics},
  year = {2012},
  volume = {13.6},
  pages = {1095-1170},
  owner = {Abeille},
  timestamp = {2012.04.22}
}

@book{aronoff94,
  title={Morphology by Itself: Stems and Inflectional Classes},
  author={Aronoff, M.},
  isbn={9780262510721},
  lccn={93020543},
  series={Linguistic Inquiry Monographs},
  year={1994},
  publisher={MIT Press}
}

@Misc{bonami10nepali,
  OPTkey = 	 {},
  author = {Olivier Bonami and Gilles Boy\'e},
  title = 	 {Opaque paradigms, transparent forms in Nepali conjugation},
  howpublished = {Workshop On Theoretical Morphology 5},
  month = 	 {june},
  year = 	 {2010},
 address = {Lutherstadt Wittenberg, Germany},
  OPTannote = 	 {}
}

@INCOLLECTION{silverstein76,
  author = {Silverstein, Michael},
  title = {{H}ierarchy of {F}eatures and {E}rgativity},
  booktitle = {{G}rammatical {C}ategories in {A}ustralian {L}anguages},
  OPTpublisher = {Canberra: Australian Institute of Aboriginal Studies},
  year = {1976},
  editor = {Dixon, Robert M.W.},
  owner = {crlao},
  timestamp = {2013.03.18}
}

@article{rissanen84,
author = {J. Rissanen},
title = {Universal coding, information, prediction, and estimation},
year = 1984,
journal = {{IEEE} Transactions on Information Theory},
volume = 30,
number = 4,
pages = {629--636},
}

@InProceedings{sagot11sfcm,
  author = 	 {Sagot, Beno\^it and G\'eraldine Walther},
  title = 	 {Non-canonical inflection : data, formalisation and complexity measures.},
  OPTcrossref =  {},
  OPTkey = 	 {},
  booktitle = {Systems and Frameworks in Computational Morphology},
  pages = 	 {23-45},
  year = 	 {2011},
  editor = 	 {Mahlow, Cerstin and Piotrowski, Michael},
  volume = 	 {100},
  OPTnumber = 	 {},
  OPTseries = 	 {Communications in Computer and Information Science},
  address = 	 {Zurich, Switzerland},
  OPTmonth = 	 {},
  OPTorganization = {},
  publisher = {Springer},
  OPTnote = 	 {},
  isbn      = {978-3-642-23137-7},
  OPTannote = 	 {}
}



@Article{stump06a,
  author = 	 {Gregory T. Stump},
  title = 	 {Heteroclisis and Paradigm Linkage},
  journal = 	 {Language},
  year = 	 {2006},
  OPTkey = 	 {},
  volume = 	 {82},
  OPTnumber = 	 {},
  pages = 	 {279-322},
  OPTmonth = 	 {},
  OPTnote = 	 {},
  OPTannote = 	 {}
}

@Book{stump01,
 title = {Inflectional Morphology. A Theory of Paradigm Structure},
 publisher = {Cambridge University Press},
 year = {2001},
 author = {Stump, Gregory T.},
 ALTALTeditor = {},
 OPTkey = {},
 OPTvolume = {},
 OPTnumber = {},
 OPTseries = {},
 address = {Cambridge, Royaume Uni},
 OPTedition = {},
 OPTmonth = {},
 OPTnote = {},
 OPTannote = {},
 OPTurl = {},
 OPTdoi = {},
 OPTissn = {},
 OPTlocalfile = {},
 OPTabstracts = {},
}