
@InCollection{WALS-107,
  author = 	 {Anna Siewierska},
  title = 	 {Passive Constructions},
  booktitle = 	 {The World Atlas of Language Structures Online},
  OPTcrossref =  {},
  OPTkey = 	 {},
  publisher = 	 {Max Planck Digital Library},
  year = 	 {2012},
  editor = 	 {Dryer, Matthew S. and Haspelmath, Martin},
  OPTvolume = 	 {},
  OPTnumber = 	 {},
  OPTseries = 	 {},
  OPTtype = 	 {},
  chapter = 	 {1},
  address = 	 {Munich, Allemagne},
  OPTedition = 	 {},
  OPTmonth = 	 {},
  note = 	 {Chapitre 107, accessible en ligne. Requête du 13/06/2012},
  url = 	 {http://wals.info/chapter/1.},
  OPTannote = 	 {}
} 
 


@PhdThesis{walther13phd,
  author = 	 {Géraldine Walther},
  title = 	 {Sur la canonicité en morphologie — Perspective empirique, formelle et computationnelle},
  school = 	 {Université Paris-Diderot},
  year = 	 {2013},
  OPTnote = "\`A para\^itre",
}


@ARTICLE{jacques12khaling,
  author = {Jacques, Guillaume and Lahaussois, Aim\'ee and Michailovsky, Boyd and
	Rai, Dhan Bahadur},
  title = {{A}n overview of {K}haling verbal morphology},
  journal = {Language and linguistics},
  year = {2012},
  volume = {13.6},
  pages = {1095-1170},
  owner = {Abeille},
  timestamp = {2012.04.22}
}

@incollection{WALS-27,
  address   = {Munich},
  author    = {Rubino, Carl},
  booktitle = {The World Atlas of Language Structures Online},
  editor    = {Dryer, Matthew S. and Haspelmath, Martin},
  publisher = {Max Planck Digital Library},
  title     = {Reduplication},
  url       = {http://wals.info/chapter/27},
  year      = {2011}
}

@Book{WALS12,
  ALTauthor = 	 {},
  editor = 	 {Dryer, Matthew S. and Haspelmath, Martin},
  title = 	 {The World Atlas of Language Structures Online},
  publisher = 	 {Max Planck Digital Library},
  year = 	 {2011},
  url = 	 {http://wals.info/},
  OPTvolume = 	 {},
  OPTnumber = 	 {},
  OPTseries = 	 {},
  address = 	 {Munich},
  OPTedition = 	 {},
  OPTmonth = 	 {},
  note = 	 {Consulté en été 2012.},
  OPTannote = 	 {}
}

@Book{abeille07,
	title = "Les grammaires d'unification",
	author = "Anne Abeill{\'e}",
	publisher = "Hermes",
	year = "2007",
        address = {Paris, France},
	isbn = "978-2-74621251-0"
}

@InCollection{ackerman04,
  author = 	 {Ackerman, Farrell and Gregory T. Stump},
  title = 	 {Paradigms and periphrastic expression: A study in realization-based lexicalism},
  booktitle = 	 {Projecting Morphology},
  OPTcrossref =  {},
  OPTkey = 	 {},
  pages = 	 {111-157},
  publisher = {CSLI},
  year = 	 {2004},
  editor = 	 {Andrew Spencer and Louisa Sadler},
  OPTvolume = 	 {},
  OPTnumber = 	 {},
  OPTseries = 	 {},
  OPTtype = 	 {},
  OPTchapter = 	 {},
  address = 	 {Stanford, Californie, \'Etats Unis d'Am\'erique},
  OPTedition = 	 {},
  OPTmonth = 	 {},
  OPTnote = 	 {},
  OPTannote = 	 {}
}



@InCollection{ackerman09,
  author = 	 {Farrell Ackerman and James P. Blevins and Robert Malouf},
  title = 	 {Parts and wholes: Implicative patterns in inflectional paradigms},
  booktitle = 	 {Analogy in Grammar: Form and Acquisition},
  OPTkey = 	 {},
  pages = 	 {54–81},
  publisher = {Oxford University Press},
  year = 	 {2009},
  editor = 	 {J. P. Blevins and J. Blevins}
}

@Book{anderson05,
 title = {Aspects of the theory of clitics},
 publisher = {Oxford University press},
 year = {2005},
 author = {Anderson, Stephen R.},
 ALTALTeditor = {},
 OPTkey = {},
 OPTvolume = {},
 OPTnumber = {},
 OPTseries = {},
 address = {Oxford, Royaume Uni},
 OPTedition = {},
 OPTmonth = {},
 OPTnote = {},
 OPTannote = {},
 OPTurl = {},
 OPTdoi = {},
 OPTissn = {},
 OPTlocalfile = {},
 OPTabstracts = {},
}

@Article{anderson82,
  author = 	 {Stephen R. Anderson},
  title = 	 {Where's Morphology?},
  journal = 	 {Linguistic Inquiry},
  year = 	 {1982},
  OPTkey = 	 {},
  volume = 	 {13},
  OPTnumber = 	 {},
  pages = 	 {571-612},
  OPTmonth = 	 {},
  OPTnote = 	 {},
  OPTannote = 	 {}
}

@Book{anderson92,
  author = 	 {Stephen R. Anderson},
  ALTeditor = 	 {},
  title = 	 {A-morphous Morphology},
  publisher = 	 {Cambridge University Press},
  year = 	 {1992},
  OPTkey = 	 {},
  OPTvolume = 	 {},
  OPTnumber = 	 {},
  OPTseries = 	 {},
  address = 	 {Cambridge, Royaume Uni},
  OPTedition = 	 {},
  OPTmonth = 	 {},
  OPTnote = 	 {},
  OPTannote = 	 {}
}

@Article{andry93,
  author = 	 {François Andry and Norman M. Fraser and Scott McGlashan and Nick J. Youd},
  title = 	 {Making DATR work for speech: lexicon compilation in SUNDIAL},
  journal = 	 {Computational Linguistics},
  year = 	 {1993},
  OPTkey = 	 {},
  volume = 	 {18},
  number = 	 {3},
  pages = 	 {245-267},
  publisher = 	 {MIT Press},
  note = 	 {Special issue on inheritance: II},
  address = 	 {Cambridge, MA, \'Etats Unis d'Am\'erique}
}

@article{aoki63,
  address   = {Chicago},
  author    = {Aoki, Haruo},
  doi       = {10.1086/464710},
  journal   = {International Journal of American Linguistics},
  pages     = {42-44},
  publisher = {University of Chicago Press},
  refdb_id  = {http://wals.info/refdb/record/5783},
  title     = {Reduplication in Nez Perce},
  volume    = {29},
  year      = {1963}
}

@book{aronoff94,
  title={Morphology by Itself: Stems and Inflectional Classes},
  author={Aronoff, M.},
  isbn={9780262510721},
  lccn={93020543},
  series={Linguistic Inquiry Monographs},
  year={1994},
  publisher={MIT Press}
}


@book{ashton1947,
  address    = {London},
  author     = {Ashton, Eric Ormerod},
  iso_code   = {swh},
  keywords   = {Swahili},
  note       = {2nd edition},
  olac_field = {typology},
  publisher  = {Longmans, Green {\&} Co.},
  refdb_id   = {http://wals.info/refdb/record/1386},
  title      = {Swahili Grammar},
  wals_code  = {swa},
  year       = {1947}
}

@InProceedings{asudeh08,
 author = {Ash Asudeh and Mary Dalrymple and Ida Toivonen},
  title = 	 {Constructions with Lexical Integrity: Templates as the Lexicon-Syntax Interface},
  OPTcrossref =  {},
  OPTkey = 	 {},
  booktitle = {Proceedingd of the LFG08 Conference},
  OPTpages = 	 {},
  year = 	 {2008},
  editor = 	 {Miriam Butt and Tracy Holloway King},
  OPTvolume = 	 {},
  OPTnumber = 	 {},
  OPTseries = 	 {},
  OPTaddress = 	 {},
  OPTmonth = 	 {},
  OPTorganization = {},
  publisher = {CSLI Publications},
  OPTnote = 	 {},
  OPTannote = 	 {}
}



@Article{badecker89,
  author = 	 {William Badecker and Alfonzo Caramazza},
  title = 	 {A lexical distinction between inflection and derivation},
  journal = 	 {Linguistic Inquiry},
  year = 	 {1989},
  OPTkey = 	 {},
  volume = 	 {20},
  OPTnumber = 	 {},
  pages = 	 {108-116},
  OPTmonth = 	 {},
  OPTnote = 	 {},
  OPTannote = 	 {}
}


@Misc{baerman06depoData,
  OPTkey = 	 {},
  author = 	 {Matthew Baerman},
  title = 	 {Deponency in Serbo-Croatian},
  howpublished = {Base de données en ligne},
  url= {http://www.smg.surrey.ac.uk/deponency/Examples/Serbo-Croatian.htm},
  month = 	 {septembre},
  year = 	 {2006},
  note = 	 {Typological Database on Deponency, Surrey Morphology Group, CMC, University of Surrey},
  OPTannote = 	 {}
}

@Article{baerman07a,
 author = {Baerman, Matthew},
 title = {Morphological reversals},
 journal = {Journal of Linguistics},
 year = {2007},
 OPTkey = {},
 volume = {43},
 OPTnumber = {},
 pages = {33–61},
 OPTmonth = {},
 OPTnote = {},
 OPTannote = {},
 OPTurl = {},
 OPTdoi = {},
 OPTissn = {},
 OPTlocalfile = {},
 OPTabstract = {},
}






@InProceedings{baerman07b,
  author = 	 {Matthew Baerman},
  title = 	 {{M}orphological {T}ypology of {D}eponency},
  OPTcrossref =  {},
  OPTkey = 	 {},
  booktitle = {{D}eponency and {M}orphological {M}ismatches},
  pages = 	 {1-19},
  year = 	 {2007},
  editor = 	 {Matthew Baerman and Greville G. Corbett and Dunstan Brown and Andrew Hippisley},
  volume = 	 {145},
  OPTnumber = 	 {},
  OPTseries = 	 {},
  address = 	 {Oxford, Royaume-Uni},
  OPTmonth = 	 {},
  organization = {The British Academy},
  publisher = {Oxford University Press},
  OPTnote = 	 {},
  OPTannote = 	 {}
}

@Book{baerman10defectbook,
  ALTauthor = 	 {},
  editor = 	 {Matthew Baerman and Greville G. Corbett and Dunstan Brown},
  title = 	 {Defective Paradigms: Missing Forms and What They Tell Us},
  publisher = 	 {Oxford University Press},
  year = 	 {2010},
  OPTkey = 	 {},
  OPTvolume = 	 {},
  OPTnumber = 	 {},
  OPTseries = 	 {},
  OPTaddress = 	 {},
  OPTedition = 	 {},
  OPTmonth = 	 {},
  OPTnote = 	 {},
}




@Article{baerman12WS,
  author = 	 {Matthew Baerman and Greville G. Corbett},
  title = 	 {Stem alternations and multiple exponence},
  journal = 	 {Word Structure},
  year = 	 {2012},
  OPTkey = 	 {},
  volume = 	 {5},
  number = 	 {1},
  pages = 	 {52-68},
  OPTmonth = 	 {},
  OPTnote = 	 {},
  OPTannote = 	 {}
}



@Book{baker88,
  author = 	 {Mark C. Baker},
  ALTeditor = 	 {},
  title = 	 {Incorporation.},
  publisher = 	 {University of Chicago Press},
  year = 	 {1988},
  OPTkey = 	 {},
  OPTvolume = 	 {},
  OPTnumber = 	 {},
  OPTseries = 	 {},
  address = 	 {Chicago, \'Etats Unis d'Am\'erique},
  OPTedition = 	 {},
  OPTmonth = 	 {},
  OPTnote = 	 {},
  OPTannote = 	 {}
}


@inproceedings{bane08,
author = {Max Bane},
title = {Quantifying and Measuring Morphological Complexity},
booktitle = {Proceedings of the 26th West Coast Conference on Formal Linguistics},
editor = {Charles B. Chang and Hannah J. Haynie},
page = {69--76},
year = 2008,
address = {Sommerville, \'Etats-Unis},
}



@InCollection{barg94,
  author = 	 {Petra Barg},
  title = 	 {Automatic Acquisition of DATR Theories from Observations},
  booktitle = 	 {Theorie des Lexikons: Arbeiten des Sonderforschungsbereichs 282},
  OPTcrossref =  {},
  OPTkey = 	 {},
  OPTpages = 	 {},
  OPTpublisher = {},
  year = 	 {1994},
  OPTeditor = 	 {},
  volume = 	 {59},
  OPTnumber = 	 {},
  OPTseries = 	 {},
  OPTtype = 	 {},
  OPTchapter = 	 {},
  OPTaddress = 	 {},
  OPTedition = 	 {},
  OPTmonth = 	 {},
  OPTnote = 	 {},
  OPTannote = 	 {}
}



@Book{baudouin1895,
  author = 	 {Baudouin de Courtenay, Jan Niecisław Ignacy},
  ALTeditor = 	 {},
  title = 	 {Versuch einer Theorie phonetischer Alternationen: Ein
Kapitel aus der Psychophonetik},
  publisher = 	 {},
  year = 	 {1895},
  OPTkey = 	 {},
  OPTvolume = 	 {},
  OPTnumber = 	 {},
  OPTseries = 	 {},
  address = 	 {Strasbourg, Empire allemand},
  OPTedition = 	 {},
  OPTmonth = 	 {},
  OPTnote = 	 {},
  OPTannote = 	 {}
}

@Book{beard95,
  author = 	 {Robert Beard},
  ALTeditor = 	 {},
  title = 	 {Lexeme-Morpheme Base Morphology},
  publisher = 	 {State University of New York Press},
  year = 	 {1995},
  OPTkey = 	 {},
  OPTvolume = 	 {},
  OPTnumber = 	 {},
  OPTseries = 	 {},
  address = 	 {Albany, NY, \'Etats Unis d'Am\'erique},
  OPTedition = 	 {},
  OPTmonth = 	 {},
  OPTnote = 	 {},
  OPTannote = 	 {}
}

@book{beaumont79,
  address    = {Canberra},
  author     = {Beaumont, Clive H.},
  iso_code   = {tgc},
  keywords   = {Tigak},
  olac_field = {morphology},
  publisher  = {Australian National University},
  refdb_id   = {http://wals.info/refdb/record/57},
  series     = {Pacific Linguistics, Series B},
  title      = {The Tigak Language of New Ireland},
  volume     = {58},
  wals_code  = {tgk},
  year       = {1979}
}



@Book{bedir1970,
 title = {Grammaire kurde (Dialecte Kurmandji)},
 publisher = {Librairie d'Amérique et d'Orient},
 year = {1970},
 author = {Bedir Khan, Emir Djeladet and Roger Lescot},
 ALTALTeditor = {},
 OPTkey = {},
 OPTvolume = {},
 OPTnumber = {},
 OPTseries = {},
 address = {Paris, France},
 OPTedition = {},
 OPTmonth = {},
 OPTnote = {},
 OPTannote = {},
 OPTurl = {},
 OPTdoi = {},
 OPTissn = {},
 OPTlocalfile = {},
 OPTabstracts = {},
}

@book{beesley03,
  title={Finite State Morphology},
  author={Beesley, Kenneth R. and Karttunen, Lauri},
  isbn={9781575864341},
  lccn={2002155642},
  series={Studies in Computational Linguistics},
  OPTurl={http://books.google.fr/books?id=59RoAAAAIAAJ},
  year={2003},
  publisher={CSLI Publications}
}

@Book{beidar1926,
 title = {Grammaire kurde},
 publisher = {Librairie Orientaliste P. Garthner},
 year = {1926},
 author = {Beidar, Paul},
 ALTALTeditor = {},
 OPTkey = {},
 OPTvolume = {},
 OPTnumber = {},
 OPTseries = {},
 address = {Paris, France},
 OPTedition = {},
 OPTmonth = {},
 OPTnote = {},
 OPTannote = {},
 OPTurl = {},
 OPTdoi = {},
 OPTissn = {},
 OPTlocalfile = {},
 OPTabstracts = {},
}

@book{bennett1907,
  title={The Latin Language: A Historical Outline of the Sounds, Inflections, and Syntax},
  author={Bennett, Charles Edwin},
  series={Bennett's Latin series},
  year={1907},
  publisher={Allyn and Bacon}
}

@Book{bentley01,
  author = 	 {Bentley, Mayrene and Andrew Kulemaka},
  ALTeditor = 	 {},
  title = 	 {Chichewa},
  publisher = 	 {Lincom Europa},
  year = 	 {2001},
  OPTkey = 	 {},
  OPTvolume = 	 {},
  OPTnumber = 	 {},
  OPTseries = 	 {},
  address = 	 {Munich, Allemagne},
  OPTedition = 	 {},
  OPTmonth = 	 {},
  OPTnote = 	 {},
  OPTannote = 	 {}
}


@Book{benveniste66,
  author = 	 {Benveniste, Émile},
  ALTeditor = 	 {},
  title = 	 {Problèmes de linguistique générale},
  publisher = 	 {Gallimard},
  year = 	 {1966},
  OPTkey = 	 {},
  OPTvolume = 	 {},
  OPTnumber = 	 {},
  OPTseries = 	 {},
  address = 	 {Paris},
  OPTedition = 	 {},
  OPTmonth = 	 {},
  OPTnote = 	 {},
  OPTannote = 	 {}
}


@Book{bescherelle97v,
  ALTauthor = 	 {},
  editor = 	 {Michel Arriv\'e},
  title = 	 {Bescherelle: La conjugaison pour tous},
  publisher = 	 {Didier Hatier},
  year = 	 {1997},
  OPTkey = 	 {},
  OPTvolume = 	 {},
  OPTnumber = 	 {},
  OPTseries = 	 {},
  address = 	 {Paris},
  OPTedition = 	 {},
  OPTmonth = 	 {},
  OPTnote = 	 {},
  OPTannote = 	 {}
}

@InProceedings{bickel02,
  author = 	 {Bickel, Balthasar and Johanna Nichols},
  title = 	 {Autotypologizing databases and their use in fieldwork},
  OPTcrossref =  {},
  OPTkey = 	 {},
  booktitle = {Int. LREC Workshop on Resources and Tools in Field Linguistics},
  OPTpages = 	 {},
  year = 	 {2002},
  OPTeditor = 	 {},
  OPTvolume = 	 {},
  OPTnumber = 	 {},
  OPTseries = 	 {},
  address = 	 {Las Palmas de Gran Canaria, Espagne},
  month = 	 {25-26 mai},
  OPTorganization = {},
  OPTpublisher = {},
  OPTnote = 	 {},
  OPTannote = 	 {}
}


@Book{blau00,
 title = {Méthode de kurde sorani},
 publisher = {L'Harmattan},
 year = {2000},
 author = {Blau, Joyce},
 ALTALTeditor = {},
 OPTkey = {},
 OPTvolume = {},
 OPTnumber = {},
 OPTseries = {},
 address = {Paris, France},
 OPTedition = {},
 OPTmonth = {},
 OPTnote = {},
 OPTannote = {},
 OPTurl = {},
 OPTdoi = {},
 OPTissn = {},
 OPTlocalfile = {},
 OPTabstracts = {},
}


@Book{blau80,
 title = {Manuel de kurde, dialect sorani: grammaire, textes de lecture, vocabulaire kurde-français et français-kurde},
 publisher = {C. Klincksieck},
 year = {1980},
 author = {Blau, Joyce},
 ALTALTeditor = {},
 OPTkey = {},
 OPTvolume = {},
 OPTnumber = {},
 OPTseries = {},
 address = {Paris, France},
 OPTedition = {},
 OPTmonth = {},
 OPTnote = {},
 OPTannote = {},
 OPTurl = {},
 OPTdoi = {},
 OPTissn = {},
 OPTlocalfile = {},
 OPTabstracts = {},
}

@Article{blevins03,
  author = 	 {James P. Blevins},
  title = 	 {Passives and impersonals},
  journal = 	 {Journal of Linguistics},
  year = 	 {2003},
  OPTkey = 	 {},
  volume = 	 {39},
  OPTnumber = 	 {},
  pages = 	 {473-520},
  OPTmonth = 	 {},
  OPTnote = 	 {},
  OPTannote = 	 {}
}





@Article{blevins06,
  author = 	 {Blevins, James P.},
  title = 	 {Word-based morphology},
  journal = 	 {Journal of Linguistics},
  year = 	 {2006},
  OPTkey = 	 {},
  OPTvolume = 	 {},
  OPTnumber = 	 {},
  pages = 	 {531-573},
  OPTmonth = 	 {},
  OPTnote = 	 {},
  OPTannote = 	 {}
}



@InCollection{blevins12,
  author = 	 {James P. Blevins},
  title = 	 {Word-based morphology from Aristotle to modern WP},
  booktitle = 	 {Oxford Handbook of the History of Linguistics},
  OPTkey = 	 {},
  pages = 	 {396–417},
  publisher = {Oxford University Press},
  year = 	 {2012},
  editor = 	 {K. Allan}
}


@Book{bloomfield1933,
  author = 	 {Leonard Bloomfield},
  ALTeditor = 	 {},
  title = 	 {Language},
  XXXpublisher = 	 {Henry Holt},
publisher={University of Chicago Press},
  year = 	 {1933},
  OPTkey = 	 {},
  OPTvolume = 	 {},
  OPTnumber = 	 {},
  OPTseries = 	 {},
  address = 	 {New-York, NY, \'Etats Unis d'Am\'erique},
  OPTedition = 	 {},
  OPTmonth = 	 {},
  OPTnote = 	 {},
  OPTannote = 	 {},
isbn={9780226060675},
lccn={84008439},
url={http://books.google.fr/books?id=87BCDVsmFE4C},
}








@InCollection{bloomfield1939,
  author = 	 {Bloomfield, Leonard},
  title = 	 {Menomini morphophonemics},
  booktitle = 	 {\'Etudes phonologiques d\'edi\'ees \`a la m\'emoire de M. le prince N.S. Trubetzkoy,},
  OPTcrossref =  {},
  OPTkey = 	 {},
  pages = 	 {105-115},
  OPTpublisher = {},
  year = 	 {1939},
  OPTeditor = 	 {},
  volume = 	 {8},
  OPTnumber = 	 {},
  series = 	 {Travaux du Cercle Linguistique de Prague},
  OPTtype = 	 {},
  OPTchapter = 	 {},
  address = 	 {Prague, République Tchèque},
  OPTedition = 	 {},
  OPTmonth = 	 {},
  note = 	 {Réimprimé dans \cite{hockett70}, pages 351-362},
  OPTannote = 	 {}
}



@InCollection{boerjars96,
  author = 	 {B\"orjars, Kersti and Nigel Vincent and Carol Chapman},
  title = 	 {Paradigms, periphrases and pronominal inflection: a feature-based account},
  booktitle = 	 {Yearbook of Morphology 1996},
  OPTcrossref =  {},
  OPTkey = 	 {},
  pages = 	 {155-180},
  publisher = {Kluwer},
  year = 	 {1996},
  editor = 	 {Geert Booij and Jaap van Marle},
  OPTvolume = 	 {},
  OPTnumber = 	 {},
  OPTseries = 	 {},
  OPTtype = 	 {},
  OPTchapter = 	 {},
  address = 	 {Dordrecht},
  OPTedition = 	 {},
  OPTmonth = 	 {},
  OPTnote = 	 {},
  OPTannote = 	 {}
}


@inproceedings{bonami02,
author = {Olivier Bonami and Gilles Boyé},
year =  2002,
title = {Suppletion and dependency in inflectional morphology},
editor = {F. Van Eynde and L. Hellan and D. Beerman},
booktitle = {The Proceedings of the HPSG '01 Conference},
address = {Stanford, \'Etats Unis d'Am\'erique},
publisher = {CSLI Publications},
}


@article{bonami03,
author = {Olivier Bonami and Gilles Boyé},
year =  2003,
title = {Supplétion et classes flexionnelles dans la conjugaison du français},
journal = {Langages},
volume = 152,
pages = {102--126},
}

@Article{bonami05,
  author = 	 {Olivier Bonami and Gilles Boyé},
  title = 	 {Construire le paradigme d'un adjectif},
  journal = 	 {Recherches Linguistiques de Vincennes},
  year = 	 {2005},
  OPTkey = 	 {},
  OPTvolume = 	 {34},
  OPTnumber = 	 {},
  pages = 	 {77-98},
  OPTmonth = 	 {},
  OPTnote = 	 {},
  OPTannote = 	 {}
}


@InProceedings{bonami06,
 author = {Olivier Bonami and Gilles Boyé},
 title = {Deriving inflectional irregularity},
 booktitle = {Proceedings of the 13th International Conference on HPSG},
 year = 2006,
 pages = {39-59},
 address = {Stanford, \'Etats Unis d'Am\'erique},
 publisher = {CSLI Publications}
}






@InCollection{bonami07,
  author = {Olivier Bonami and Gilles Boyé},
  title = 	 {Remarques sur les bases de la conjugaison},
  booktitle = 	 {Des sons et des sens},
  OPTcrossref =  {},
  OPTkey = 	 {},
  pages = 	 {77-90},
  publisher = {Herm\`es Sciences},
  year = 	 {2007},
  editor = 	 { E. Delais-Roussarie and L. Labrune},
  OPTvolume = 	 {},
  OPTnumber = 	 {},
  OPTseries = 	 {},
  OPTtype = 	 {},
  OPTchapter = 	 {},
  address = 	 {Paris, France},
  OPTedition = 	 {},
  OPTmonth = 	 {},
  OPTnote = 	 {},
  OPTannote = 	 {}
}

@Misc{bonami08,
 author = {Olivier Bonami and Pollet Samvelian},
 title = 	 {{S}orani {K}urdish person markers and the typology of agreement},
 howpublished = {Communication orale au 13th International Morphology Meeting},
 address = {Vienne, Autriche},
 year = {2008},
  OPTnote = 	 {},
  OPTannote = 	 {}
}





@inproceedings{bonami08cmlf,
author = {Olivier Bonami and Gilles Boy\'e and H\'el\`ene Giraudo and Madeleine Voga},
title = {Quels verbes sont réguliers en français?},
booktitle = {Actes du premier Congrès Mondial de Linguistique Française},
pages = {1511--1523},
year = {2008}
}


@incollection{bonami10,
author = {Olivier Bonami and Gilles Boy\'e},
title = {La morphologie flexionnelle est-elle une fonction?},
editor = {I. Choi-Jonin and M. Duval and O. Soutet},
booktitle = {Typologie et comparatisme. Hommages offerts à Alain Lemaréchal},
pages = {21--35},
publisher = "Peeters",
address = {Louvain, Belgique},
year = 2010,
}

@Misc{bonami10nepali,
  OPTkey = 	 {},
  author = {Olivier Bonami and Gilles Boy\'e},
  title = 	 {Opaque paradigms, transparent forms in Nepali conjugation},
  howpublished = {Communication orale au Workshop On Theoretical Morphology 5},
  month = 	 {juin},
  year = 	 {2010},
 address = {Lutherstadt Wittenberg, Allemagne},
  OPTannote = 	 {}
}



@article{bonami12,
author = {Bonami, Olivier},
title = {Introduction},
journal = {Word Structure},
volume = {5},
number = {1},
pages = {1-6},
year = {2012},
doi = {10.3366/word.2012.0016},
OPTURL = {http://www.euppublishing.com/doi/abs/10.3366/word.2012.0016},
OPTeprint = {http://www.euppublishing.com/doi/pdf/10.3366/word.2012.0016}
}

@InCollection{bonami13,
  author = 	 {Olivier Bonami and Gregory T. Stump},
  title = 	 {Paradigm Function Morphology},
  booktitle = 	 {Handbook of Morphology},
  OPTcrossref =  {},
  OPTkey = 	 {},
  OPTpages = 	 {},
  publisher = {Blackwell},
  OPTyear = 	 {},
  editor = 	 {Andrew Spencer},
  OPTvolume = 	 {},
  OPTnumber = 	 {},
  OPTseries = 	 {},
  OPTtype = 	 {},
  OPTchapter = 	 {},
  OPTaddress = 	 {},
  edition = 	 {2},
  OPTmonth = 	 {},
  note = 	 {à para\^itre},
  OPTannote = 	 {}
}

@book{booij00morphologie,
  title={Morphologie/Morphology: Ein Internationales Handbuch Zur Flexion Und Wortbildung/ an International Handbook on Inflection and Word-Formation},
  author={Booij, Gert E. and Lehmann, C. and Mugdan, J.},
  isbn={9783110111286},
  lccn={00063804},
  series={Handb{\"u}cher zur Sprach- und Kommunikationswissenschaft},
  OPTurl={http://books.google.fr/books?id=864tGNzqcrIC},
  year={2000},
  publisher={Walter de Gruyter}
}

@book{booij10,
  title={Construction Morphology},
  author={Booij, Geert. E.},
  isbn={9780199571925},
  lccn={2011280686},
  series={Oxford linguistics},
  OPTurl={http://books.google.fr/books?id=w59lpwAACAAJ},
  year={2010},
  publisher={Oxford University Press}
}

@InCollection{booij93,
  author={Booij, Geert. E.},
  title = 	 {Against split morphology},
  booktitle = 	 {Yearbook of Morphology 1993},
  OPTcrossref =  {},
  OPTkey = 	 {},
  pages = 	 {27-49},
  publisher = {Kluwer},
  year = 	 {1993},
  editor = 	 {Geert Booij and Jaap van Marle},
  OPTvolume = 	 {},
  OPTnumber = 	 {},
  OPTseries = 	 {},
  OPTtype = 	 {},
  OPTchapter = 	 {},
  address = 	 {Boston, \'Etats Unis d'Am\'erique/Dordrecht, Pays-Bas},
  OPTedition = 	 {},
  OPTmonth = 	 {},
  OPTnote = 	 {},
  OPTannote = 	 {}
}

@InCollection{booij95,
  author={Booij, Geert. E.},
  title = 	 {Inherent versus contextual inflection and the split morphology hypothesis.},
  booktitle = 	 {Yearbook of Morphology 1995},
  OPTcrossref =  {},
  OPTkey = 	 {},
  pages = 	 {1-16},
  publisher = {Kluwer},
  year = 	 {1996},
  editor = 	 {Geert Booij and Jaap van Marle},
  OPTvolume = 	 {},
  OPTnumber = 	 {},
  OPTseries = 	 {},
  OPTtype = 	 {},
  OPTchapter = 	 {},
  address = 	 {Boston, \'Etats Unis d'Am\'erique/Dordrecht, Pays-Bas},
  OPTedition = 	 {},
  OPTmonth = 	 {},
  OPTnote = 	 {},
  OPTannote = 	 {}
}


@TECHREPORT{boons76a,
 author = {Boons, J.-P. and Guillet, A. and Lecl\`ere, C.},
 title = {La structure des phrases simples en fran\c{c}ais, Classes de constructions
  transitives},
 institution = {LADL, CNRS, Paris 7},
 year = {1976}
}

@PhdThesis{boye00,
  author = 	 {Gilles Boy\'e},
  title = 	 {Problèmes de morpho-phonologie verbale en français, espagnol et italien},
  school = 	 {Université Paris 7},
  year = 	 {2000},
}

@InCollection{boye06,
  author = 	 {Gilles Boyé},
  title = 	 {Suppletion},
  booktitle = 	 {Encyclopedia of Language and Linguistics (2nd ed.)},
  OPTcrossref =  {},
  OPTkey = 	 {},
  pages = 	 {297--299},
  publisher = {Elsevier},
  year = 	 {2006},
  editor = 	 {Keith Brown},
  volume = 	 {12},
  OPTnumber = 	 {},
  OPTseries = 	 {},
  OPTtype = 	 {},
  OPTchapter = 	 {},
  address = 	 {Oxford, Royaume Uni},
  OPTedition = 	 {},
  OPTmonth = 	 {},
  OPTnote = 	 {},
  OPTannote = 	 {}
}


@InCollection{boye10,
  author = 	 {Gilles Boyé and Patricia {Cabredo~Hofherr}},
  title = 	 {Defectiveness as Stem Suppletion in French and Spanish Verbs},
  booktitle = 	 {Defective Paradigms: Missing forms and what they tell us},
  OPTcrossref =  {},
  OPTkey = 	 {},
  pages = 	 {35--52},
  publisher = {The British Academy},
  year = 	 {2010},
  editor = 	 {Matthew Baerman and Greville G. Corbett and Dunstan Brown},
  OPTvolume = 	 {},
  OPTnumber = 	 {},
  OPTseries = 	 {},
  OPTtype = 	 {},
  OPTchapter = 	 {},
  address = 	 {Oxford, Royaume Uni},
  OPTedition = 	 {},
  OPTmonth = 	 {},
  OPTnote = 	 {},
  OPTannote = 	 {}
}




@InCollection{boye11,
  author = 	 {Gilles Boy\'e},
  title = 	 {R\'egularit\'e et classes flexionnelles dans la conjugaison du fran\c{c}ais},
  booktitle = 	 {Des unit\'es morphologiques au lexique},
  OPTcrossref =  {},
  OPTkey = 	 {},
  OPTpages = 	 {},
  publisher = {Hermes Science},
  year = 	 {2011},
  editor = 	 {Michel Roch\'e and Gilles Boy\'e and Nabil Hathout and St\'ephanie Lignon and Marc Pl\'enat},
  OPTvolume = 	 {},
  OPTnumber = 	 {},
  OPTseries = 	 {},
  OPTtype = 	 {},
  OPTchapter = 	 {},
  OPTaddress = 	 {},
  OPTedition = 	 {},
  month = 	 {02},
  OPTnote = 	 {},
  OPTannote = 	 {}
}



@Book{bresnan01,
  author = 	 {Joan Bresnan},
  ALTeditor = 	 {},
  title = 	 {Lexical-Functional Syntax},
  publisher = 	 {Blackwell},
  year = 	 {2001},
  OPTkey = 	 {},
  OPTvolume = 	 {},
  OPTnumber = 	 {},
  OPTseries = 	 {},
  address = 	 {Oxford, Royaume-Uni},
  OPTedition = 	 {},
  OPTmonth = 	 {},
  OPTnote = 	 {},
  OPTannote = 	 {}
}

@Book{bresnan82,
  ALTauthor = 	 {},
  editor = 	 {Joan Bresnan},
  title = 	 {The {M}ental {R}epresentation of {G}rammatical {R}elations},
  chapter = 	 {The {P}assive in {L}exical {T}heory},
  publisher = 	 {MIT Press},
  year = 	 {1982},
  OPTkey = 	 {},
  OPTvolume = 	 {},
  OPTnumber = 	 {},
  OPTseries = 	 {},
  OPTtype = 	 {},
  OPTaddress = 	 {},
  OPTedition = 	 {},
  OPTmonth = 	 {},
  pages = 	 {3-86},
  OPTnote = 	 {},
  OPTannote = 	 {}
}

@Article{bresnan95,
 author = {Bresnan, Joan and Mchombo, Sam A.},
 title = {The Lexical Integrity Principle: evidence from Bantu},
 journal = {Natural Language and Language Theory},
 year = {1995},
 OPTkey = {},
 volume = {13},
 OPTnumber = {},
 pages = {181–254},
 publisher = {Kluwer Academic Publishers},
 address = {Pays-Bas},
 OPTannote = {},
 OPTurl = {},
 OPTdoi = {},
 OPTissn = {},
 OPTlocalfile = {},
 OPTabstract = {},
}

@InProceedings{brown10hpsg,
 author = {Dunstan Brown and Roger Evans},
 title = {Inflectional defaults and principal parts: an empirical investigation},
 booktitle = {Proceedings of the 17th International Conference on HPSG},
 year = {2012},
 pages = {235-254},
 address = {Stanford, \'Etats Unis d'Am\'erique},
 publisher = {CSLI Publications}
}

@Article{brown12,
  author = 	 {Dunstan Brown and Marina Chumakina and Greville G. Corbett and Gergana Popova and Andrew Spencer},
  title = 	 {Defining 'periphrasis': key notions},
  journal = 	 {Morphology},
  volume = 	 {22},
  number = 	 {2},
  year = 	 {2012},
  publisher = 	 {Springer},
  OPTaddress = {},
}

@Book{brown12network,
  author = 	 {Dunstan Brown and Andrew Hippisley},
  ALTeditor = 	 {},
  title = 	 {Network Morphology: A Defaults-based Theory of Word Structure},
  publisher = 	 {Cambridge University Press},
  year = 	 {2012},
  OPTkey = 	 {},
  OPTvolume = 	 {},
  OPTnumber = 	 {},
  OPTseries = 	 {},
  OPTaddress = 	 {},
  OPTedition = 	 {},
  OPTmonth = 	 {},
  OPTnote = 	 {},
  OPTannote = 	 {}
}

@Article{brown96,
  author = 	 {Dunstan Brown and  Greville G. Corbett and Norman Fraser and Andrew Hippisley and Alan Timberlake},
  title = 	 {Russian noun stress and network morphology},
  journal = 	 {Linguistics},
  volume = 	 {34},
  pages = 	 {53-107},
  year = 	 {1996},
  publisher = 	 {Walter de Gruyter},
  OPTaddress = {},
} 
 

@Article{camilleri11linguistica,
  author = 	 {Maris Camilleri},
  title = 	 {Island Morphology: Morphology's Interactions In the Study of Stem Patterns},
  journal = 	 {Linguistica},
  year = 	 {2011},
  address = 	 {Ljubljana, Slov\'enie},
  volume = 	 {51},
  OPTnumber = 	 {},
  pages = 	 {65-84},
  OPTmonth = 	 {},
  note = 	 {Internal and External Boundaries of Morphology.},
  OPTannote = 	 {}
}

@Misc{camilleri12decembrettes,
  author = 	 {Maris Camilleri and G\'eraldine Walther},
  title = 	 {What small vowels and a large lexicon tell us about
                  Maltese verbal inflection},
  note = 	 {Présentation au 8\`eme Colloque des D\'ecembrettes (D\'ecembrettes~8). Du 6 au 7 d\'ecembre 2012. Bordeaux, France},
  OPTkey = 	 {},
  OPTmonth = 	 {},
  year = 	 {2012},
  OPTannote = 	 {}
} 


@Misc{camilleri12imm,
  author = 	 {Maris Camilleri},
  title = 	 {Stem patterns across Maltese verbal paradigms},
  note = 	 {Présentation au 15\`eme International Morphology Meeting (IMM15). Du 9 au 12 janvier 2012. Vienne, Autriche},
  OPTkey = 	 {},
  OPTmonth = 	 {},
  year = 	 {2012},
  OPTannote = 	 {}
}


@Article{camilleri94,
  author = 	 {Antoinette Camilleri and Martine Vanhove},
  title = 	 {A phonetic and phonological description of the Maltese dialect of M\.{g}arr (Malta)},
  journal = 	 {Zeitschrift f\"ur arabische Linguistik},
  year = 	 {1994},
  OPTkey = 	 {},
  volume = 	 {28},
  OPTnumber = 	 {},
  pages = 	 {87-110},
  OPTmonth = 	 {},
  OPTnote = 	 {},
  OPTannote = 	 {}
}


@book{carpenter92,
  address = {Cambridge, Royaume-Uni},
  author = {Carpenter, Bob},
  isbn = {978-0-521-41932-1},
  number = 32,
  publisher = {Cambridge University Press},
  series = {Cambridge Tracts in Theoretical Computer Science},
  title = {The Logic of Typed Feature Structures},
  year = 1992
}

@Article{carruthers02,
  author = 	 {Peter Carruthers},
  title = 	 {The cognitive functions of language},
  journal = 	 {Behavioral and Brain Sciences},
  year = 	 {2002},
  OPTkey = 	 {},
  volume = 	 {25},
  OPTnumber = 	 {},
  pages = 	 {657-726},
  OPTmonth = 	 {},
  OPTnote = 	 {},
  OPTannote = 	 {}
}

@incollection{chapman91,
  address    = {Berlin},
  author     = {Chapman, Shirley and Derbyshire, Desmond C.},
  booktitle  = {Handbook of Amazonian Languages 3},
  editor     = {Derbyshire, Desmond C. and Pullum, Geoffrey K.},
  iso_code   = {pad},
  keywords   = {Paumar{\'{\i}}},
  olac_field = {phonetics},
  pages      = {161-352},
  publisher  = {Mouton de Gruyter},
  refdb_id   = {http://wals.info/refdb/record/142},
  title      = {Paumari},
  wals_code  = {pau},
  year       = {1991}
}


@Book{chomsky1957,
  author = 	 {Noam Chomsky},
  ALTeditor = 	 {},
  title = 	 {Syntactic Structures},
  publisher = 	 {Mouton},
  year = 	 {1957},
  OPTkey = 	 {},
  OPTvolume = 	 {},
  OPTnumber = 	 {},
  OPTseries = 	 {},
  address = 	 {La Haye},
  OPTedition = 	 {},
  OPTmonth = 	 {},
  OPTnote = 	 {},
  OPTannote = 	 {}
}


@Book{chomsky1968a,
  author = 	 {Noam Chomsky and Morris Halle},
  ALTeditor = 	 {},
  title = 	 {The sound pattern of English},
  publisher = 	 {Harper and Row},
  year = 	 {1968},
  OPTkey = 	 {},
  OPTvolume = 	 {},
  OPTnumber = 	 {},
  OPTseries = 	 {},
  OPTaddress = 	 {},
  OPTedition = 	 {},
  OPTmonth = 	 {},
  OPTnote = 	 {},
  OPTannote = 	 {}
}

@Book{chomsky1968b,
  author = 	 {Noam Chomsky},
  ALTeditor = 	 {},
  title = 	 {Language and mind},
  publisher = 	 {Harcourt, Brace \& World},
  year = 	 {1968},
  OPTkey = 	 {},
  OPTvolume = 	 {},
  OPTnumber = 	 {},
  OPTseries = 	 {},
  address = 	 {New York},
  OPTedition = 	 {},
  OPTmonth = 	 {},
  OPTnote = 	 {},
  OPTannote = 	 {}
}


@InCollection{chomsky70,
  author = 	 {Noam Chomsky},
  title = 	 {Remarks on Nominalization},
  booktitle = 	 {Readings in English Transformational Grammar},
  OPTcrossref =  {},
  OPTkey = 	 {},
  pages = 	 {184-221},
  publisher = {Ginn},
  year = 	 {1970},
  editor = 	 {R. Jacobs and P. Rosenbaum},
  OPTvolume = 	 {},
  OPTnumber = 	 {},
  OPTseries = 	 {},
  OPTtype = 	 {},
  OPTchapter = 	 {},
  address = 	 {Waltham, Massachussets, \'Etats Unis d'Am\'erique},
  OPTedition = 	 {},
  OPTmonth = 	 {},
  OPTnote = 	 {},
  OPTannote = 	 {}
}


@Book{chomsky81,
  author = 	 {Chomsky, Noam},
  ALTeditor = 	 {},
  title = 	 {Lectures on Government and Binding},
  publisher = 	 {Foris},
  year = 	 {1981},
  OPTkey = 	 {},
  OPTvolume = 	 {},
  OPTnumber = 	 {},
  OPTseries = 	 {},
  address = 	 {Dordrecht, Pays-Bas},
  OPTedition = 	 {},
  OPTmonth = 	 {},
  OPTnote = 	 {},
  OPTannote = 	 {}
}

@InCollection{chomsky93,
  author = 	 {Noam Chomsky},
  title = 	 {A minimalist program for linguistic theory},
  booktitle = 	 {The view from building 20},
  OPTcrossref =  {},
  OPTkey = 	 {},
  pages = 	 {1-52},
  publisher = {MIT Press},
  year = 	 {1993},
  editor = 	 {Kenneth Hale and Samuel Jay Keyser},
  OPTvolume = 	 {},
  OPTnumber = 	 {},
  OPTseries = 	 {},
  OPTtype = 	 {},
  OPTchapter = 	 {},
  address = 	 {Cambridge, \'Etats Unis d'Am\'erique d'Am\'erique},
  OPTedition = 	 {},
  OPTmonth = 	 {},
  OPTnote = 	 {},
  OPTannote = 	 {}
}


@Book{chomsky95,
  author = 	 {Chomsky, Noam},
  ALTeditor = 	 {},
  title = 	 {The Minimalist Program},
  publisher = 	 {MIT Press},
  year = 	 {1995},
  OPTkey = 	 {},
  OPTvolume = 	 {},
  OPTnumber = 	 {},
  OPTseries = 	 {},
  address = 	 {Cambridge, MA, \'Etats Unis d'Am\'erique},
  OPTedition = 	 {},
  OPTmonth = 	 {},
  OPTnote = 	 {},
  OPTannote = 	 {}
}



@Misc{cicero52BC,
  author = 	 {Cicéron, Marcus Tullius Cicero (dit)},
  OPTeditor = 	 {},
  title = 	 {Pro Tito Annio Milone ad iudicem oratio (Pro Milone)},
  OPTpublisher = 	 {},
  year = 	 {52 AEC},
  OPTkey = 	 {},
  OPTvolume = 	 {},
  OPTnumber = 	 {},
  OPTseries = 	 {},
  OPTaddress = 	 {},
  OPTedition = 	 {},
  OPTmonth = 	 {},
  OPTnote = 	 {},
  OPTannote = 	 {}
}


@INPROCEEDINGS{clement04,
  author = {Lionel Cl\'ement and Beno\^{\i}t Sagot and Bernard Lang},
  title = {Morphology Based Automatic Acquisition of Large-coverage Lexica},
  booktitle = {Actes de LREC'04},
  year = {2004},
  pages = {1841--1844},
  address = {Lisbonne, Portugal}
}

@Book{comrie09,
  ALTauthor = 	 {},
  editor = 	 {Bernard Comrie and Ray Fabri and Elizabeth Hume and Manwel
                  Mifsud and Thomas Stolz and Martine Vanhove},
  title = 	 {Introducing Maltese Linguistics: Selected Papers
                  from the 1st International Conference on Maltese
                  Linguistics},
  publisher = 	 {John Benjamins},
  year = 	 {2009},
  OPTkey = 	 {},
  OPTvolume = 	 {},
  OPTnumber = 	 {},
  OPTseries = 	 {},
  address = 	 {Amsterdam, Pays-Bas},
  OPTedition = 	 {},
  OPTmonth = 	 {},
  note = 	 {18-20 October 2007, Bremen, Germany},
  OPTannote = 	 {}
}



@Article{corbett03,
 author = {Corbett, Greville G.},
 title = {Agreement: the range of the phenomenon and the principles of the Surrey database of agreement},
 journal = {Transactions of the philological society},
 year = {2003},
 OPTkey = {},
 volume = {101},
 OPTnumber = {},
 pages = {155–202},
 OPTmonth = {},
 OPTnote = {},
 OPTannote = {},
 OPTurl = {},
 OPTdoi = {},
 OPTissn = {},
 OPTlocalfile = {},
 OPTabstract = {},
}

@InBook{corbett05,
  author = 	 {Greville G. Corbett},
  editor = 	 {Zygmunt Frajzyngier and Adam Hodges and David S. Rood},
  title = 	 {Linguistic Diversity and Language Theories},
  chapter = 	 {The canonical approach in typology},
  publisher = 	 {John Benjamins},
  year = 	 {2005},
  OPTkey = 	 {},
  OPTvolume = 	 {},
  OPTnumber = 	 {72},
  series = 	 {Studies in Language Companion Series},
  OPTtype = 	 {},
  address = 	 {Amsterdam, Pays-Bas},
  OPTedition = 	 {},
  OPTmonth = 	 {},
  pages = 	 {25-49},
  OPTnote = 	 {},
  OPTannote = 	 {}
}

@Book{corbett06a,
 title = {Agreement},
 publisher = {Cambridge University Press},
 year = {2006},
 author = {Corbett, Greville G.},
 ALTALTeditor = {},
 OPTkey = {},
 OPTvolume = {},
 OPTnumber = {},
 series = {Cambridge Textbooks in Linguistics},
 address = {Cambridge, Royaume Uni},
 OPTedition = {},
 OPTmonth = {},
 OPTnote = {},
 OPTannote = {},
 OPTurl = {},
 OPTdoi = {},
 OPTissn = {},
 OPTlocalfile = {},
 OPTabstracts = {},
}

@Article{corbett06b,
  author = 	 {Greville G. Corbett and Matthew Baerman},
  title = 	 {Prolegomena to a typology of morphological features},
  journal = 	 {Morphology},
  year = 	 {2006},
  OPTkey = 	 {},
  volume = 	 {16},
  number = 	 {2},
  pages = 	 {231-246},
  OPTmonth = 	 {},
  OPTnote = 	 {},
  OPTannote = 	 {}
}

@InProceedings{corbett07a,
  author = 	 {Greville G. Corbett},
  title = 	 {{D}eponency, {S}yncretism, and {W}hat {L}ies {B}etween},
  OPTcrossref =  {},
  OPTkey = 	 {},
  booktitle = {{D}eponency and {M}orphological {M}ismatches},
  pages = 	 {21-43},
  year = 	 {2007},
  editor = 	 {Matthew Baerman and Greville G. Corbett and Dunstan Brown and Andrew Hippisley},
  volume = 	 {145},
  OPTnumber = 	 {},
  OPTseries = 	 {},
  OPTaddress = 	 {},
  OPTmonth = 	 {},
  organization = {The British Academy},
  publisher = {Oxford University Press},
  OPTnote = 	 {},
  OPTannote = 	 {}
}

@Article{corbett07b,
  author = 	 {Greville G. Corbett},
  title = 	 {Canonical Typology, suppletion and possible words},
  journal = 	 {Language},
  year = 	 {2007},
  OPTkey = 	 {},
  volume = 	 {83},
  OPTnumber = 	 {},
  pages = 	 {8-42},
  OPTmonth = 	 {},
  OPTnote = 	 {},
  OPTannote = 	 {}
}

@Misc{corbett10coimbra,
  OPTkey = 	 {},
  author = 	 {Greville G. Corbett},
  title = 	 {Morphomic Splits},
  howpublished = {Présentation à l'atelier "Perspectives on the Morphome" à l'Université de Coimbra},
  month = 	 {29-30 octobre},
  year = 	 {2010},
  address = 	 {Coimbra, Portugal},
  OPTannote = 	 {}
}


@Article{corbett93,
  author = 	 {Greville G. Corbett and Norman Fraser },
  title = 	 {{N}etwork {M}orphology: a {DATR} account of {R}ussian nominal inflection},
  journal = 	 {Journal of Linguistics},
  year = 	 {1993},
  OPTkey = 	 {},
  volume = 	 {29},
  OPTnumber = 	 {},
  pages = 	 {113-142},
  OPTmonth = 	 {},
  OPTnote = 	 {},
  OPTannote = 	 {}
}


@Article{corbett96,
  author = 	 {Corbett, Greville G. and Marianne Mithun},
  title = 	 {Associative forms in a typology of number systems: evidence from Yup’ik},
  journal = 	 { Journal of Linguistics},
  year = 	 {1996},
  OPTkey = 	 {},
  volume = 	 {32},
  OPTnumber = 	 {},
  pages = 	 {1-17},
  OPTmonth = 	 {},
  OPTnote = 	 {},
  OPTannote = 	 {}
}



@InCollection{courtois95,
  author = 	 {Courtois, Blandine},
  title = 	 {Buts et méthodes de l'élaboration des dictionnaires électroniques du LADL},
  series = 	 {Cahiers du CIEL},
  year = 	 {1995},
  OPTkey = 	 {},
  booktitle = 	 {Théories et pratiques du lexique},
  OPTnumber = 	 {},
  publisher = 	 {Université Paris~7},
  OPTmonth = 	 {},
  OPTnote = 	 {},
  OPTannote = 	 {}
}

@book{creissels06,
author = "Creissels, Denis",
year = 2006,
title = "Syntaxe g\'en\'erale --- une introduction typologique 1 : cat\'egories et constructions",
address = "Paris, France",
publisher = "Herm\`es-Lavoisier",
}
@book{crysmann02,
 	address      = "Saar\-br{\"u}\discretionary{k-}{k}{ck}en",
 	author       = "Berthold Crysmann",
 	number       = "15",
 	publisher    = {Deutsches Forschungszentrum f\"ur K\"unstliche Intelligenz and Uni\-ver\-si\-t{\"a}t des Saarlandes},
 	series       = "Saar\-br{\"u}\discretionary{k-}{k}{ck}en Dissertations in Computational Linguistics and Language Technology",
 	title        = "Constraint-Based Coanalysis: Portuguese Cliticisation and Morphology-Syntax Interaction in {HPSG}",
 	year         = "2002"
}




@inproceedings{crysmann05b,
 	address      = "Stanford",
 	author       = "Berthold Crysmann",
 	booktitle    = "The Proceedings of the 13th International Conference on Head-Driven Phrase Structure Grammar",
 	editor       = "Stefan M{\"u}ller",
 	pages        = "123--139",
 	publisher    = "CSLI Publications",
 	title        = "Floating Affixes in Polish",
 	url          = "http://cslipublications.stanford.edu/HPSG/7/",
 	url_checked  = "08.19.07",
 	year         = "2006"
}


@Book{dalrymple01,
  author = 	 {Mary Dalrymple},
  ALTeditor = 	 {},
  title = 	 {Lexical Functional Grammar},
  publisher = 	 {Academic Press},
  year = 	 {2001},
  OPTkey = 	 {},
  volume = 	 {34},
  OPTnumber = 	 {},
  series = 	 {Syntax and Semantics},
  OPTaddress = 	 {},
  OPTedition = 	 {},
  OPTmonth = 	 {},
  OPTnote = 	 {},
  OPTannote = 	 {}
}



@article{denis12,
author = {Pascal Denis and Beno\^{\i}t Sagot},
title = {Coupling an annotated corpus and a lexicon for state-of-the-art POS tagging},
publisher = {Springer},
journal = {Language Resources and Evaluation},
year = {2012},
pages = {721-736},
volume = {46},
number = {4 },
}

@Book{disciullo87,
  author = 	 {Anna-Maria {Di Sciullo} and Edwin Williams},
  ALTeditor = 	 {},
  title = 	 {On the Definition of Word},
  publisher = 	 {MIT Press},
  year = 	 {1987},
  OPTkey = 	 {},
  OPTvolume = 	 {},
  OPTnumber = 	 {},
  OPTseries = 	 {},
  address = 	 {Cambridge, MA, \'Etats Unis d'Am\'erique},
  OPTedition = 	 {},
  OPTmonth = 	 {},
  OPTnote = 	 {},
  OPTannote = 	 {}
}

@incollection{dobrin01,
  address   = {New York and Dublin},
  author    = {Dobrin, Lise},
  booktitle = {Encyclopedia of the World's Languages: Past and Present},
  editor    = {Garry, Jane and Rubino, Carl},
  pages     = {33-38},
  publisher = {H.W. Wilson Press},
  refdb_id  = {http://wals.info/refdb/record/5784},
  title     = {Arapesh},
  year      = {2001}
}




@InCollection{dressler00,
  author = 	 {Wolfgang U. Dressler},
  title = 	 {Naturalness},
  booktitle = 	 {Morphologie/Morphology: Ein Internationales Handbuch Zur Flexion Und Wortbildung/ an International Handbook on Inflection and Word-Formation},
  OPTcrossref =  {},
  OPTkey = 	 {},
  pages = 	 {288-296},
  publisher = {Walter de Gruyter},
  year={2000},
  editor = 	 {Booij, G.E. and Lehmann, C. and Mugdan, J.},
  OPTvolume = 	 {},
  OPTnumber = 	 {},
  series={Handb{\"u}cher zur Sprach- und Kommunikationswissenschaft},
  OPTtype = 	 {},
  OPTchapter = 	 {},
  OPTaddress = 	 {},
  OPTedition = 	 {},
  OPTmonth = 	 {},
  OPTnote = 	 {},
  OPTannote = 	 {}
}

@Article{dressler90,
  author = 	 {Dressler, Wolfgang U.},
  title = 	 {The cognitive perspective of "naturalist" linguistic models},
  journal = 	 {Cognitive Linguistics},
  year = 	 {1990},
  OPTkey = 	 {},
  volume = 	 {1},
  number = 	 {1},
  pages = 	 {75-98},
  OPTmonth = 	 {},
  OPTnote = 	 {},
  OPTannote = 	 {}
}





@Book{dressler94,
  author = 	 {Dressler, Wolfgang U. and {Merlini Barbaresi}, Lavinia},
  ALTeditor = 	 {},
  title = 	 {Morphopragmatics},
  publisher = 	 {de Gruyter},
  year = 	 {1994},
  OPTkey = 	 {},
  OPTvolume = 	 {},
  OPTnumber = 	 {},
  OPTseries = 	 {},
  OPTaddress = 	 {Berlin, Allemagne},
  OPTedition = 	 {},
  OPTmonth = 	 {},
  OPTnote = 	 {},
  OPTannote = 	 {}
}

@InCollection{dryer98,
  author = 	 {Dryer, Matthew S.},
  title = 	 {Aspects of Word Order in the Languages of Europe},
  booktitle = 	 {Constituent Order in the Languages of Europe},
  OPTcrossref =  {},
  OPTkey = 	 {},
  pages = 	 {283-319},
  publisher = {Mouton de Gruyter},
  year = 	 {1998},
  editor = 	 {Anna Siewierska},
  OPTvolume = 	 {},
  OPTnumber = 	 {},
  series = 	 {European Science Foundation Language Typology series},
  OPTtype = 	 {},
  OPTchapter = 	 {},
  address = 	 {Berlin},
  OPTedition = 	 {},
  OPTmonth = 	 {},
  OPTnote = 	 {},
  OPTannote = 	 {}
}


@phdthesis{dunn99,
  author     = {Dunn, Michael},
  format     = {phd},
  iso_code   = {ckt},
  keywords   = {Chukchi},
  olac_field = {phonetics},
  refdb_id   = {http://wals.info/refdb/record/1258},
  school     = {Australian National University},
  title      = {A Grammar of Chukchi},
  wals_code  = {chk},
  year       = {1999}
}


@PhdThesis{ernout1908,
  author = 	 {Ernout, Alfred},
  title = 	 {Recherches sur l'emploi du passif latin {\`a} l'{\'e}poque r{\'e}publicaine},
  school = 	 {Société Linguistique},
  year = 	 {1908},
  OPTaddress = 	 {},
  OPTmonth = 	 {},
  OPTnote = 	 {},
  OPTannote = 	 {}
}

@book{ernout1909,
  title={Recherches sur l'emploi du passif latin {\`a} l'{\'e}poque r{\'e}publicaine},
  author={Ernout, Alfred},
  year={1909},
  publisher={Librairie Ancienne Honor{\'e} Champion}
}



@Book{ernout1953,
  author = 	 {Alfred Ernout and Fran\c{c}ois Thomas},
  ALTeditor = 	 {},
  title = 	 {Syntaxe Latine},
  publisher = 	 {Kliensieck},
  year = 	 {1953},
  OPTkey = 	 {},
  OPTvolume = 	 {},
  OPTnumber = 	 {},
  OPTseries = 	 {},
  address = 	 {Paris},
  edition = 	 {2},
  OPTmonth = 	 {},
  OPTnote = 	 {},
  OPTannote = 	 {}
}

@Article{evans09,
  author = 	 {Nicholas Evans and Stephen C. Levinson},
  title = 	 {The myth of language universals: Language diversity and its importance for cognitive science},
  journal = 	 {Behavioral and Brain Sciences},
  year = 	 {2009},
  OPTkey = 	 {},
  volume = 	 {32},
  OPTnumber = 	 {},
  pages = 	 {429-492},
  OPTmonth = 	 {},
  OPTnote = 	 {},
  OPTannote = 	 {}
}

@InProceedings{evans89,
  author = 	 {Roger P. Evans and Gerald Gazdar},
  title = 	 {Inference in DATR},
  OPTcrossref =  {},
  OPTkey = 	 {},
  booktitle = {Proceedings of the Fourth Conference of the European Chapter of the Association for Computational Linguistics},
  pages = 	 {66-71},
  year = 	 {1989},
  OPTeditor = 	 {},
  OPTvolume = 	 {},
  OPTnumber = 	 {},
  OPTseries = 	 {},
  OPTaddress = 	 {},
  OPTmonth = 	 {},
  OPTorganization = {},
  OPTpublisher = {},
  OPTnote = 	 {},
  OPTannote = 	 {}
}

@book{evans95,
  address    = {Berlin},
  author     = {Evans, Nicholas},
  gbs_id     = {FWEGD7BSabwC},
  iso_code   = {gcd},
  keywords   = {Kayardild, Yukulta, Lardil},
  olac_field = {morphology},
  publisher  = {Mouton de Gruyter},
  refdb_id   = {http://wals.info/refdb/record/245},
  series     = {Mouton Grammar Library},
  title      = {A Grammar of Kayardild. With Historical-Comparative Notes on Tangkic},
  volume     = {15},
  wals_code  = {yuk},
  year       = {1995}
}

@Article{evans96,
  author = 	 {Evans, Roger P. and Gerald Gazdar},
  title = 	 {DATR: a language for lexical knowledge representation},
  journal = 	 {Computational Linguistics},
  year = 	 {1996},
  OPTkey = 	 {},
  volume = 	 {22},
  OPTnumber = 	 {},
  pages = 	 {167-216},
  OPTmonth = 	 {},
  OPTnote = 	 {},
  OPTannote = 	 {}
}


@Article{fabri09,
  author = 	 {Ray Fabri},
  title = 	 {Stem allomorphy in the Maltese verb},
  journal = 	 {Ilsienna - Our Language},
  year = 	 {2009},
  OPTkey = 	 {},
  volume = 	 {1},
  OPTnumber = 	 {},
  pages = 	 {1-20},
  OPTmonth = 	 {},
  OPTnote = 	 {},
  OPTannote = 	 {}
}

@InProceedings{finkel02,
  author    = {Raphael Finkel  and  Gregory T. Stump},
  title     = {Generating Hebrew Verb Morphology by Default Inheritance Hierarchies},
  booktitle = {Proceedings of the ACL-02 Workshop on Computational Approaches to Semitic Languages},
  month     = {July},
  year      = {2002},
  address   = {Philadelphia, Pennsylvania, \'Etats Unis d'Am\'erique},
  publisher = {Association for Computational Linguistics},
  OPTurl       = {http://www.aclweb.org/anthology/W02-0502},
  doi       = {10.3115/1118637.1118639}
}

@Article{finkel07,
  author = 	 {Raphael Finkel and Gregory T. Stump},
  title = 	 {Principal parts and morphological typology},
  journal = 	 {Morphology},
  year = 	 {2007},
  OPTkey = 	 {},
  volume = 	 {17},
  OPTnumber = 	 {},
  pages = 	 {39-75},
  OPTmonth = 	 {},
  OPTnote = 	 {},
  OPTannote = 	 {}
}

@Article{flobert67,
  author = 	 {Pierre Flobert},
  title = 	 {Déponent et passif en italique et en celtique},
  journal = 	 {Annales de Bretagne},
  year = 	 {1967},
  OPTkey = 	 {},
  volume = 	 {74},
  number = 	 {4},
  pages = 	 {567-604},
  OPTmonth = 	 {},
  OPTnote = 	 {},
  OPTannote = 	 {}
}

@Book{flobert75,
  author = 	 {Pierre Flobert},
  ALTeditor = 	 {},
  title = 	 {Les Verbes déponents latins des origines à Charlemagne},
  publisher = 	 {Publications de la Sorbonne},
  year = 	 {1975},
  OPTkey = 	 {},
  OPTvolume = 	 {},
  OPTnumber = 	 {},
  series = 	 {NS Recherches’ 17},
  address = 	 {Paris, France},
  edition = 	 {Les Belles Lettres},
  OPTmonth = 	 {},
  OPTnote = 	 {},
  OPTannote = 	 {}
}


@Book{fradin03a,
  author = 	 {Bernard Fradin},
  ALTeditor = 	 {},
  title = 	 {Nouvelles approches en morphologie},
  publisher = 	 {Presses Universitaires de France},
  year = 	 {2003},
  OPTkey = 	 {},
  OPTvolume = 	 {},
  OPTnumber = 	 {},
  OPTseries = 	 {},
  address = 	 {Paris, France},
  OPTedition = 	 {},
  OPTmonth = 	 {},
  OPTnote = 	 {},
  OPTannote = 	 {}
}

@InProceedings{fradin03b,
  author = 	 {Fradin, Bernard and Françoise Kerleroux},
  title = 	 {Troubles with Lexemes},
  OPTcrossref =  {},
  OPTkey = 	 {},
  booktitle = {Selected papers from the Third Mediterranean Morphology Meeting},
  pages = 	 {177-196},
  year = 	 {2003},
  editor = 	 {Geert Booij and Janet de Cesaris, Sergio Scalise, Angela Ralli},
  OPTvolume = 	 {},
  OPTnumber = 	 {},
  series = 	 {Topics in Morphology},
  address = 	 {Barcelone, Espagne},
  XXXmonth = 	 {September 20-22 2001},
  OPTorganization = {},
  publisher = {IULA-Universitat Pompeu Fabra},
  OPTnote = 	 {},
  OPTannote = 	 {}
}

@InBook{gabelentz1861,
  author = 	 {Hans Conon von der Gabelentz},
  ALTeditor = 	 {},
  title = 	 {Abhandlungen der Philologisch-Historischen Klasse der K{\"o}nigl. S{\"a}chsischen Gesellschaft der Wissenschaften},
  chapter = 	 {\"Uber das {P}assivum},
  publisher = 	 {K{\"o}nigl. S{\"a}chsische Gesellschaft der Wissenschaften},
  year = 	 {1861},
  OPTkey = 	 {},
  volume = 	 {22},
  OPTnumber = 	 {},
  OPTseries = 	 {},
  OPTtype = 	 {},
  address = 	 {Leipzig, Royaume de Saxe},
  OPTedition = 	 {},
  OPTmonth = 	 {},
  OPTpages = 	 {},
  OPTnote = 	 {},
  OPTannote = 	 {}
}

@book{gaffiot2000grand,
  title={Le Grand Gaffiot: dictionnaire latin-fran{\c{c}}ais},
  author={Gaffiot, F. and Flobert, P.},
  isbn={9782011667656},
  year={2000},
  publisher={Hachette-Livre}
}

@Book{garzoni1787,
 title = {Grammatica e Vocabulario della Lingua Kurda},
 publisher = {Sacra Congregazione di Propaganda Fide,},
 year = {1787},
 author = {Maurizio Garzoni},
 ALTALTeditor = {},
 OPTkey = {},
 OPTvolume = {},
 OPTnumber = {},
 OPTseries = {},
 address = {Rome, Italy},
 OPTedition = {},
 OPTmonth = {},
 OPTnote = {},
 OPTannote = {},
 OPTurl = {},
 OPTdoi = {},
 OPTissn = {},
 OPTlocalfile = {},
 OPTabstracts = {},
}

@Book{gazdar85,
  author = 	 {Gerald Gazdar and Ewan Klein and Geoffrey Pullum and Ivan Sag},
  ALTeditor = 	 {},
  title = 	 {Generalized Phrase Structure Grammar},
  publisher = 	 {Basil Blackwell},
  year = 	 {1985},
  OPTannote = 	 {}
}

@book{give92,
  title={Grammaire latine},
  author={Give, Michel~de},
  isbn={9782804116576},
  year={1992},
  publisher={De Boeck Secondaire}
}

@book{glare83,
  title={Oxford Latin Dictionary},
  author={Glare, P.G.W.},
  OPTnumber={},
  series={Oxford Latin Dictionary},
  year={1983},
  publisher = 	 {Oxford University Pres},
  address = 	 {Oxford, Rauyaume Uni},
}


@article{goldsmith01,
  author = {John Goldsmith},
  title = {Unsupervised Learning of the Morphology of a Natural Language},
  journal = {Computational Linguistics},
  year = {2001},
  volume = {27},
  pages = {153-198},
  number = {2}
}

@book{gowda75,
  address    = {Manasagangotri, Mysore},
  author     = {Gurubasave Gowda, K. S.},
  iso_code   = {njo},
  keywords   = {Ao},
  olac_field = {morphology},
  publisher  = {Central Institute of Indian Languages.},
  refdb_id   = {http://wals.info/refdb/record/286},
  title      = {Ao Grammar},
  wals_code  = {ao},
  year       = {1975}
}

@book{grappin85,
  author = {Henri Grappin},
  title = {Grammaire de la langue polonaise},
  publisher = {Institut d'\'etudes slaves},
  year = {1985},
  address = {Paris},
}



@InCollection{greenberg63,
  author = 	 {Joseph H. Greenberg},
  title = 	 {Some Universals of Grammar with Particular Reference to the Order of Meaningful Elements},
  booktitle = 	 {Universals of Language},
  OPTcrossref =  {},
  OPTkey = 	 {},
  pages = 	 {73-113},
  publisher = {MIT Press},
  year = 	 {1963},
  OPTeditor = 	 {},
  OPTvolume = 	 {},
  OPTnumber = 	 {},
  OPTseries = 	 {},
  OPTtype = 	 {},
  OPTchapter = 	 {},
  OPTaddress = 	 {Londres, Royaume-Uni},
  OPTedition = 	 {},
  OPTmonth = 	 {},
  OPTnote = 	 {},
  OPTannote = 	 {}
}


@Article{greenberg66,
  author = 	 {Joseph H. Greenberg},
  title = 	 {Synchronic and diachronic universals in phonology},
  journal = 	 {Language},
  year = 	 {1966},
  OPTkey = 	 {},
  volume = 	 {42},
  number = 	 {2},
  pages = 	 {508–17},
  OPTmonth = 	 {},
  OPTnote = 	 {},
  OPTannote = 	 {}
}

@book{gross75,
    Address = {Paris, France},
    Author = {Maurice Gross},
    Publisher = {Hermann},
    Title = {M\'ethodes en syntaxe},
    Year = {1975}}


@book{hagman77,
  address    = {Bloomington},
  author     = {Hagman, Roy Stephen},
  iso_code   = {naq},
  keywords   = {Khoekhoe},
  olac_field = {phonology},
  publisher  = {Indiana University Press},
  refdb_id   = {http://wals.info/refdb/record/307},
  title      = {Nama Hottentot Grammar},
  wals_code  = {kho},
  year       = {1977}
}



@Book{haig10,
  author = 	 {Geoffrey Haig},
  ALTeditor = 	 {},
  XXXtitle = 	 {Alignment {C}hange in {I}ranian {L}anguages: {A} {C}onstruction {G}rammar {A}pproach},
  title = 	 {Alignment change in {I}ranian languages: a construction grammar approach},
  XXXpublisher = 	 {Walter de Gruyter},
  publisher = 	 {De Gruyter},
  year = 	 {2010},
  OPTkey = 	 {},
  OPTvolume = 	 {},
  OPTnumber = 	 {},
  OPTseries = 	 {},
  OPTaddress = 	 {},
  OPTedition = 	 {},
  OPTmonth = 	 {},
  OPTnote = 	 {},
  OPTannote = 	 {}
}



@Article{halle73,
  author = 	 {Morris Halle},
  title = 	 {Prolegomena to a Theory of Word Formation},
  journal = 	 {Linguistic Inquiry},
  year = 	 {1973},
  publisher = 	 {MIT Press},
  volume = 	 {4},
  number = 	 {1},
  pages = 	 {3-16},
  OPTmonth = 	 {},
  OPTnote = 	 {},
  OPTannote = 	 {}
}

@Article{halle85,
  author = 	 {Halle, Morris and K. P. Mohanan},
  title = 	 {Segmental phonology of modern english},
  journal = 	 {Linguistic Inquiry},
  year = 	 {1985},
  OPTkey = 	 {},
  OPTvolume = 	 {},
  OPTnumber = 	 {},
  pages = 	 {57-116},
  OPTmonth = 	 {},
  OPTnote = 	 {},
  OPTannote = 	 {}
}


@InCollection{halle93,
  author = 	 {Morris Halle and Alex Marantz},
  title = 	 {Distributed morphology and the pieces of inflection},
  booktitle = 	 {The view from building 20},
  OPTcrossref =  {},
  OPTkey = 	 {},
  pages = 	 {111-176},
  publisher = {MIT Press},
  year = 	 {1993},
  editor = 	 {Kenneth Hale and Samuel Jay Keyser},
  OPTvolume = 	 {},
  OPTnumber = 	 {},
  OPTseries = 	 {},
  OPTtype = 	 {},
  OPTchapter = 	 {},
  address = 	 {Cambridge, \'Etats Unis d'Am\'erique},
  OPTedition = 	 {},
  OPTmonth = 	 {},
  OPTnote = 	 {},
  OPTannote = 	 {}
}

@article{hardy88,
  address   = {Chicago},
  author    = {Hardy, Heather K. and Montler, Timothy},
  doi       = {10.1086/466094},
  journal   = {International Journal of American Linguistics},
  pages     = {399-475},
  publisher = {University of Chicago Press},
  refdb_id  = {http://wals.info/refdb/record/5785},
  title     = {Imperfective Gemination in Alabama},
  volume    = {54},
  year      = {1988}
}

@Book{harris02,
  author = 	 {Alice Harris},
  ALTeditor = 	 {},
  title = 	 {Endoclitics and the Origins of {U}di Morphosyntax},
  publisher = 	 {Oxford University Press},
  year = 	 {2002},
  OPTkey = 	 {},
  OPTvolume = 	 {},
  OPTnumber = 	 {},
  OPTseries = 	 {},
  address = 	 {Oxford, Royaume-Uni},
  OPTedition = 	 {},
  OPTmonth = 	 {},
  OPTnote = 	 {},
  OPTannote = 	 {}
}

@Article{harris09,
  author = 	 {Alice Harris},
  title = 	 {Exuberant Exponence in Batsbi},
  journal = 	 {Natural Language and Linguistic Theory},
  year = 	 {2009},
  OPTkey = 	 {},
  volume = 	 {27},
  number = 	 {267},
  pages = 	 {267-303},
  OPTmonth = 	 {},
  OPTnote = 	 {},
  OPTannote = 	 {}
}

@InProceedings{hippisley07,
  author = 	 {Andrew Hippisley},
  title = 	 {{D}eclarative {D}eponency: {A} {N}etwork {M}orphology {A}ccount of {M}orphological {M}ismatches},
  OPTcrossref =  {},
  OPTkey = 	 {},
  booktitle = {{D}eponency and {M}orphological {M}ismatches},
  pages = 	 {145-173},
  year = 	 {2007},
  editor = 	 {Matthew Baerman and Greville G. Corbett and Dunstan Brown and Andrew Hippisley},
  volume = 	 {145},
  OPTnumber = 	 {},
  OPTseries = 	 {},
  OPTaddress = 	 {},
  OPTmonth = 	 {},
  organization = {The British Academy},
  publisher = {Oxford University Press},
  OPTnote = 	 {},
  OPTannote = 	 {}
}



@PhdThesis{hippisley97,
  author = 	 {Hippisley, Andrew},
  title = 	 {Declarative derivation},
  school = 	 {University of Surrey},
  year = 	 {1997},
  OPTkey = 	 {},
  OPTtype = 	 {},
  OPTaddress = 	 {},
  OPTmonth = 	 {},
  OPTnote = 	 {},
  OPTannote = 	 {}
}



@Book{hjelsmlev66,
  author = 	 {Hjelmslev, Louis},
  ALTeditor = 	 {},
  title = 	 {Le langage: une introduction},
  publisher = 	 {Éditions de Minuit},
  year = 	 {1966},
  OPTkey = 	 {},
  OPTvolume = 	 {},
  OPTnumber = 	 {},
  OPTseries = 	 {},
  address = 	 {Paris},
  OPTedition = 	 {},
  OPTmonth = 	 {},
  note = 	 {Traduction de M. Olsen.},
  OPTannote = 	 {}
}

@InCollection{hoberman02,
  author = 	 {Robert Hoberman and Mark Aronoff},
  title = 	 {The verbal morphology of Maltese: From Semitic to Romance},
  booktitle = 	 {Root-Based Morphology},
  OPTcrossref =  {},
  OPTkey = 	 {},
  OPTpages = 	 {},
  publisher = {John Benjamins},
  year = 	 {2002},
  editor = 	 {Joseph Shimron},
  OPTvolume = 	 {},
  OPTnumber = 	 {},
  OPTseries = 	 {},
  OPTtype = 	 {},
  OPTchapter = 	 {},
  address = 	 {Amsterdam, Pays-Bas},
  OPTedition = 	 {},
  OPTmonth = 	 {},
  OPTnote = 	 {},
  OPTannote = 	 {}
}





@Article{hockett1954,
  author = 	 {Hockett, Charles Francis},
  title = 	 {Two models of linguistc descriptions},
  journal = 	 {Words},
  year = 	 {1954},
  OPTkey = 	 {},
  volume = 	 {10},
  OPTnumber = 	 {},
  pages = 	 {210-234},
  OPTmonth = 	 {},
  OPTnote = 	 {},
  OPTannote = 	 {}
}

@Book{hockett70,
  ALTauthor = 	 {},
  editor = 	 {Hockett, Charles F.},
  title = 	 {A Leonard Bloomfield Anthology},
  publisher = 	 {Indiana University Press},
  year = 	 {1970},
  OPTkey = 	 {},
  OPTvolume = 	 {},
  OPTnumber = 	 {},
  OPTseries = 	 {},
  address = 	 {Bloomington, \'Etats Unis d'Am\'erique},
  OPTedition = 	 {},
  OPTmonth = 	 {},
  OPTnote = 	 {},
  OPTannote = 	 {}
}

@inproceedings{ide94,
 author = {Nancy Ide and Jean V\'eronis},
 booktitle = {Proceedings of the 14th Conference on Computational Linguistics (COLING'94)}, 
 address = {Kyoto, Japon},
 title = {MULTEXT: Multilingual Text Tools and Corpora},
 year = {1994},
}

@Book{isacenko62,
  author = 	 {Aleksandr V. Isa\v{c}enko},
  ALTeditor = 	 {},
  title = 	 {Die russische Sprache der Gegenwart},
  publisher = 	 {Niemeyer},
  year = 	 {1962},
  OPTkey = 	 {},
  volume = 	 {Teil I. Formenlehre},
  OPTnumber = 	 {},
  OPTseries = 	 {},
  address = 	 {Halle (Saale), Allemagne},
  OPTedition = 	 {},
  OPTmonth = 	 {},
  OPTnote = 	 {},
  OPTannote = 	 {}
}

@Book{jakobson65,
  author = 	 {Jakobson, Roman},
  ALTeditor = 	 {},
  title = 	 {Selected Writings},
  publisher = 	 {Mouton},
  year = 	 {1965},
  OPTkey = 	 {},
  volume = 	 {II},
  OPTnumber = 	 {},
  OPTseries = 	 {},
  address = 	 {La Haye, Pays-Bas},
  OPTedition = 	 {},
  OPTmonth = 	 {},
  OPTnote = 	 {},
  OPTannote = 	 {}
}

@Article{joshi75,
  author = {Aravind K. Joshi and Leon Levy and Makoto Takahashi},
  title = {Tree {A}djunct {G}rammars},
  journal = {Journal of Computer and System Science 10},
  xpublisher = {},
  volume = {10},
  number = {1},
  pages = {136--163},
  year = 1975,
}



@InCollection{joshi85,
  author = 	 {Avarind K. Joshi},
  title = 	 {Tree Adjoining Grammars: How Much Context-Sensitivity Is Required to Provide Reasonable Structural Descriptions?},
  booktitle = 	 {Natural Language Parsing: Psychological, Computational and Theoretical Perspectives},
  OPTcrossref =  {},
  OPTkey = 	 {},
  OPTpages = 	 {},
  OPTpublisher = {},
  year = 	 {1985},
  OPTeditor = 	 {},
  OPTvolume = 	 {},
  OPTnumber = 	 {},
  OPTseries = 	 {},
  OPTtype = 	 {},
  OPTchapter = 	 {},
  OPTaddress = 	 {},
  OPTedition = 	 {},
  OPTmonth = 	 {},
  OPTnote = 	 {},
  OPTannote = 	 {}
}

@incollection{juola07,
author = {Patrick Juola},
year = 2008,
title = "Assessing Linguistic Complexity",
editor =  {Miestamo, Matti and Kaius Sinnemäki and Fred Karlsson},
booktitle = {Language Complexity: Typology, Contact, Change},
address = {Amsterdam, Pays-Bas},
publisher = {John Benjamins Press},
}





@Article{delprado04,
  author = 	 {Moscoso del Prado Mart\'in, Ferm\'in and Kost\'ic, Aleksandar and Baayen, R. Harald},
  title = 	 {Putting the bits together: An information theoretical perspective on morphological processing},
  journal = 	 {Cognition},
  year = 	 {2004},
  OPTkey = 	 {},
  volume = 	 {94},
  OPTnumber = 	 {},
  pages = 	 {1-18},
  OPTmonth = 	 {},
  OPTnote = 	 {},
  OPTannote = 	 {}
}



@InProceedings{delprado11,
  author = 	 {Moscoso del Prado Mart\'in, Ferm\'in},
  title = 	 {The Mirage of morphological complexity},
  OPTcrossref =  {},
  OPTkey = 	 {},
  booktitle = {Proceedings of the 33rd Annual Conference of the Cognitive Science Society},
  pages = 	 {3524–3529},
  year = 	 {2011},
  OPTeditor = 	 {},
  OPTvolume = 	 {},
  OPTnumber = 	 {},
  OPTseries = 	 {},
  OPTaddress = 	 {},
  OPTmonth = 	 {},
  OPTorganization = {},
  OPTpublisher = {},
  OPTnote = 	 {},
  OPTannote = 	 {}
}



@Article{pellegrino11,
  author = 	 {Pellegrino, Fran\c{c}ois and Coup\'e, Christophe and Marsico, Egidio},
  title = 	 {A cross-language perspective on speech information rate},
  journal = 	 {Language},
  year = 	 {2011},
  OPTkey = 	 {},
  volume = 	 {83},
  number = 	 {3},
  pages = 	 {539–558},
  OPTmonth = 	 {},
  OPTnote = 	 {},
  OPTannote = 	 {}
}

@InProceedings{pellegrino07,
  author = 	 {Pellegrino, Fran\c{c}ois and Coup\'e, Christophe and Marsico, Egidio},
  title = 	 {An information theory-based approach to the balance of complexity between phonetics, phonology and morphosyntax},
  OPTcrossref =  {},
  OPTkey = 	 {},
  booktitle = {Proceedingsof the Annual Meeting of the Linguistic Society of America},
  OPTpages = 	 {},
  year = 	 {2007},
  OPTeditor = 	 {},
  OPTvolume = 	 {},
  OPTnumber = 	 {},
  OPTseries = 	 {},
  address = 	 {Anaheim, CA, USA},
  OPTmonth = 	 {},
  OPTorganization = {},
  OPTpublisher = {},
  OPTnote = 	 {},
  OPTannote = 	 {}
}

@Misc{malouf10,
  OPTkey = 	 {},
  author = 	 {Malouf, Robert and Ackerman, Farrell},
  title = 	 {Paradigms: The low entropy conjecture},
  howpublished = {Paper presented at the Workshop on Morphology and Formal Grammar, Paris, France},
  OPTmonth = 	 {},
  year = 	 {2010},
  OPTnote = 	 {},
  OPTannote = 	 {}
}

@Book{justi1880,
 title = {Kurdische Grammatik},
 publisher = {Commission\"are der Kaiserlichen akademie der wissenschaften, Eggers \& c.u. J. Glasunow},
 year = {1880},
 author = {Justi, Ferdinand},
 ALTALTeditor = {},
 OPTkey = {},
 OPTvolume = {},
 OPTnumber = {},
 OPTseries = {},
 address = {Saint Petersbourg, Empire Russe},
 OPTedition = {},
 OPTmonth = {},
 OPTnote = {},
 OPTannote = {},
 OPTurl = {},
 OPTdoi = {},
 OPTissn = {},
 OPTlocalfile = {},
 OPTabstracts = {},
}


@InCollection{karttunen03,
  author = 	 {Lauri Karttunen},
  title = 	 {Computing with Realizational Morphology},
  booktitle = 	 {Computational Linguistics and Intelligent Text Processing},
  series =  {Lecture Notes in Computer Science},
  OPTkey = 	 {},
  pages = 	 {205-216},
  publisher = {Springer Verlag},
  year = 	 {2003},
  editor = 	 {Alexander Gelbukh},
  volume = 	 {2588},
  OPTnumber = 	 {},
  OPTseries = 	 {},
  OPTtype = 	 {},
  OPTchapter = 	 {},
  address = 	 {Heidelberg, Allemagne},
  OPTedition = 	 {},
  OPTmonth = 	 {},
  OPTnote = 	 {},
  OPTannote = 	 {}
}
@inproceedings{kay79,
  author    = {Martin Kay},
  title     = {Syntactic Process},
  booktitle = {Proceedings of the 17th annual meeting of the Association for Computational Linguistics},
  year      = 1979,
  address = {La Jolla, Californie, États-Unis}
}


@inproceedings{kay84,
  author    = {Martin Kay},
  title     = {Unification in Grammar},
  booktitle = {Natural Language Understanding and Natural Language Understanding Workshop},
  year      = {1984},
  pages     = {233--240},
} 

@Book{kibrik77,
  author = 	 {Kibrik, Александр E. {Кибрик --- Аlexander Е}},
  ALTeditor = 	 {},
  title = 	 {Опыт структурного описания Арчинского языка Том 2: таксономическая грамматика (Taksonomičeskaja grammatika. vol. 2 of Opyt strukturnogo opisanija arčinskogo jazyka)},
  publisher = 	 {Издательство Московского Университета (Izdatel'stvo moskovskogo universiteta)},
  year = 	 {1977},
  OPTkey = 	 {},
  OPTvolume = 	 {},
  OPTnumber = 	 {},
  OPTseries = 	 {},
  address = 	 {Moscou, URSS},
  OPTedition = 	 {},
  OPTmonth = 	 {},
  OPTnote = 	 {},
  OPTannote = 	 {}
} 

@Book{kilani05,
  author = 	 {Marianne Kilani-Schoch and Wolfgang U. Dressler},
  ALTeditor = 	 {},
  title = 	 {Morphologie naturelle et flexion du verbe français},
  publisher = 	 {Gunter Narr Verlag T\"ubingen},
  year = 	 {2005},
  OPTkey = 	 {},
  OPTvolume = 	 {},
  OPTnumber = 	 {},
  OPTseries = 	 {},
  address = 	 {T\"ubingen, Allemagne},
  OPTedition = 	 {},
  OPTmonth = 	 {},
  OPTnote = 	 {},
  OPTannote = 	 {}
}

@Misc{walther13mi,
  author = 	 {G\'eraldine Walther},
  title = 	 {Rethinking morphological autonomy in the light of description compactness},
  note = 	 {Pr\'esentation au First International Symposium on Morphology and its Interfaces, 12-13 sept. 2013, Lille, France.},
  OPTkey = 	 {},
  OPTmonth = 	 {},
  year = 	 {2013},
  OPTannote = 	 {}
} 



@Misc{walther13stws,
  author = 	 {G\'eraldine Walther and Guillaume Jacques and Beno\^it Sagot},
  title = 	 {Uncovering the inner architecture of Khaling verbal morphology},
  OPTcrossref =  {},
  OPTkey = 	 {},
  OPTbooktitle = {Pr\'esentation au 3rd Workshop on Sino-Tibetan Languages of Sichuan, 4 sept. 2013, Paris, France},
  OPTpages = 	 {},
  year = 	 {2013},
} %%%présentation issue de l'opération de Guillaume dans l'axe 6 aussi, mais qui peut être considérée comme étant reliée aux thématiques de l'opération morpho1


@incollection{kimball88,
  address   = {Berlin, Allemagne},
  author    = {Kimball, Geoffrey D.},
  booktitle = {In Honor of Mary Haas: from the Haas Festival Conference on Native American Linguistics},
  editor    = {Shiplay, William},
  pages     = {431--442},
  publisher = {Mouton de Gruyter},
  refdb_id  = {http://wals.info/refdb/record/5786},
  title     = {Koasati Reduplication},
  year      = {1988}
}

@InProceedings{kiparsky04,
  author = 	 {Paul Kiparsky},
  title = 	 {Blocking and periphrasis in inflectional paradigms},
  OPTcrossref =  {},
  OPTkey = 	 {},
  booktitle = {Yearbook of Morphology 2004},
  pages = 	 {113-135},
  year = 	 {2005},
  OPTeditor = 	 {},
  OPTvolume = 	 {},
  OPTnumber = 	 {},
  OPTseries = 	 {},
  address = 	 {Dordrecht},
  OPTmonth = 	 {},
  OPTorganization = {},
  publisher = {Springer},
  OPTnote = 	 {},
  OPTannote = 	 {}
}

@InCollection{kiparsky73,
  author = 	 {Kiparsky, Paul},
  title = 	 {'Elsewhere' in Phonology},
  booktitle = 	 {A Festschrift for Morris Halle},
  OPTcrossref =  {},
  OPTkey = 	 {},
  pages = 	 {93-106},
  publisher = {Holt, Rinehart and Winston},
  year = 	 {1973},
  editor = 	 {Stephen Anderson and Paul Kiparsky},
  OPTvolume = 	 {},
  OPTnumber = 	 {},
  OPTseries = 	 {},
  OPTtype = 	 {},
  OPTchapter = 	 {},
  address = 	 {New York, NY, \'Etats Unis d'Am\'erique},
  OPTedition = 	 {},
  OPTmonth = 	 {},
  OPTnote = 	 {},
  OPTannote = 	 {}
}

@InProceedings{kiparsky82,
  author = 	 {Paul Kiparsky},
  title = 	 {Word-formation and the Lexicon},
  OPTcrossref =  {},
  OPTkey = 	 {},
  booktitle = {Proceedings of the Mid-America Linguistics Conference},
  OPTpages = 	 {},
  year = 	 {1982},
  editor = 	 {F. Ingemann},
  OPTvolume = 	 {},
  OPTnumber = 	 {},
  OPTseries = 	 {},
  address = 	 {Lawrence, Kansas, \'Etats Unis d'Am\'erique},
  OPTmonth = 	 {},
  OPTorganization = {},
  OPTpublisher = {},
  OPTnote = 	 {},
  OPTannote = 	 {}
}

@book{koenig99,
  title={Lexical Relations},
  author={Koenig, Jean-Pierre},
  isbn={9781575861760},
  lccn={98045562},
  series={Stanford Monographs in Linguistics},
  OPTurl={http://books.google.fr/books?id=pvB\_QgAACAAJ},
  year={1999},
  publisher={Center for the Study of Language and Inf}
}

@InProceedings{koskeniemmi84,
  author = 	 {Kimmo Koskenniemi},
  title = 	 {A general computational model for word-form recognition and production},
  OPTcrossref =  {},
  OPTkey = 	 {},
  booktitle = {Proceedings of the 22nd annual meeting of the Association for Computational Linguistics},
  pages = 	 {178-181},
  year = 	 {1984},
  OPTeditor = 	 {},
  OPTvolume = 	 {},
  OPTnumber = 	 {},
  OPTseries = 	 {},
  OPTaddress = 	 {},
  OPTmonth = 	 {},
  OPTorganization = {},
  OPTpublisher = {},
  OPTnote = 	 {},
  OPTannote = 	 {}
}







@book{kroeber60,
  address    = {Berkeley},
  author     = {Kroeber, A. L. and Grace, George William},
  iso_code   = {lui},
  keywords   = {Luise{\~{n}}o},
  olac_field = {general_linguistics},
  publisher  = {University of California Press},
  refdb_id   = {http://wals.info/refdb/record/468},
  series     = {University of California Publications in Linguistics},
  title      = {The Sparkman Grammar of Luise{\~{n}}o},
  volume     = {16},
  wals_code  = {lui},
  year       = {1960}
}

@incollection{kubrjakova72,
 author="{Kubrjakova}, {Елена C. Кубрякова --- Elena S.}",
 title="О соотношении парадигматических и словообразовательных рядов в германских языках (O sootno\v{s}enii paradigmati\v{c}eskix i slovoobrazovatelnyx rjadov v germanskix jazykax)",
 booktitle="Историко-типологические исследования морфологического строя германских языков",
 year=1972,
 pages="172--188",
 publisher="Наука",
 address="Moscou, URSS",
}

@book{kuipers67,
  address    = {The Hague},
  author     = {Kuipers, Aert H.},
  iso_code   = {squ},
  keywords   = {Squamish},
  olac_field = {general_linguistics},
  publisher  = {Mouton},
  refdb_id   = {http://wals.info/refdb/record/476},
  series     = {Janua Linguarum, Series Practica},
  title      = {The Squamish Language, Grammar, Texts, Dictionary},
  volume     = {73},
  wals_code  = {squ},
  year       = {1967}
}

@inproceedings{kupsc05,
 	address      = "Stanford",
 	author       = "Anna Kup{\'s}{\'c} and Jesse Tseng",
 	booktitle    = "The Proceedings of the 12th International Conference on Head-Driven Phrase Structure Grammar, Department of Informatics, University of Lisbon",
 	editor       = "Stefan M{\"u}ller",
 	pages        = "253--273",
 	publisher    = "CSLI Publications",
 	title        = "A New HPSG Approach to Polish Auxiliary Constructions",
 	url          = "http://cslipublications.stanford.edu/HPSG/6/",
 	url_checked  = "08.19.07",
 	year         = "2005"
}

@book{k\"oniglich1904abhandlungen,
  title={},
  author={K{\"o}niglich S{\"a}chsische Gesellschaft der Wissenschaften zu Leipzig. Philologisch-Historische Klasse},
  number={vol.~,pties.~5~{\`a}~6},
  series={Abhandlungen der Philologisch-Historischen Klasse der K{\"o}nigl. S{\"a}chsischen Gesellschaft der Wissenschaften},
  year={1904},
  publisher={Weidmannsche Buchhandlung}
}

@Misc{lazard03,
  OPTkey = 	 {},
  author = 	 {Gilbert Lazard},
  OPTtitle = 	 {Pour une démarche plus rigoureuse en Linguistique Typologique},
  howpublished = {Présentation au International Symposium on Linguistic Diversity and Language Theories},
  month = 	 {14-18 mai 2003},
  year = 	 {2003},
  OPTnote = 	 {},
  OPTannote = 	 {}
}


@book{lazard05,
  title={Linguistique typologique},
  author={Lazard, G. and Moyse-Faurie, C.},
  isbn={9782859399306},
  lccn={2006422508},
  series={Sens et Structures},
  OPTurl={http://books.google.fr/books?id=oRe5-n2wTVoC},
  year={2005},
  publisher={Presses Universitaires du Septentrion}
}

@book{lazard06,
author = "Gilbert Lazard and Yann Richard and Rokhsareh Hechmati and Pollet Samvelian",
title = "Grammaire du persan contemporain",
year = 2006,
publisher = "Institut Fran\c{c}ais de Recherche en Iran \& Farhang Moaser Edition",
address = "Téhéran, Iran",
}



@Book{lewis1879,
  author = 	 {Charlton T. Lewis and Charles Short},
  ALTeditor = 	 {},
  title = 	 {A Latin Dictionary},
  publisher = 	 {Clarendon Press},
  year = 	 {1879},
  OPTkey = 	 {},
  OPTvolume = 	 {},
  OPTnumber = 	 {},
  OPTseries = 	 {},
  address = 	 {Oxford, Royaume Uni},
  OPTedition = 	 {},
  OPTmonth = 	 {},
  note = 	 {Disponible en ligne sur le site du projet Perseus},
  url = 	 {http://www.perseus.tufts.edu/hopper/text?doc=Perseus:text:1999.04.0059}
}


@InCollection{lieber06,
  author = 	 {Rochelle Lieber},
  title = 	 {Syntax of Words},
  booktitle = 	 {The Encyclopedia of Language and Linguistics},
  OPTcrossref =  {},
  OPTkey = 	 {},
  pages = 	 {405-408},
  publisher = {Elsevier},
  year = 	 {2006},
  OPTeditor = 	 {},
  OPTvolume = 	 {},
  OPTnumber = 	 {},
  OPTseries = 	 {},
  OPTtype = 	 {},
  OPTchapter = 	 {},
  address = 	 {Oxford, Royaume-Uni},
  OPTedition = 	 {},
  OPTmonth = 	 {},
  OPTnote = 	 {},
  OPTannote = 	 {}
}

@PhdThesis{lieber80,
  author = 	 {Rochelle Lieber},
  title = 	 {On the Organization of the Lexicon},
  school = 	 {Massachusetts Institut of Technology},
  year = 	 {1980},
  OPTkey = 	 {},
  OPTtype = 	 {},
  address = 	 {New-York, NY, \'Etats Unis d'Am\'erique},
  OPTmonth = 	 {},
  OPTnote = 	 {},
  annote = 	 {Publié en 1990 par Garland Publishing.}
}

@PhdThesis{lieber81,
  author = 	 {Lieber, Rochelle},
  title = 	 {On the Organization of the Lexicon},
  school = 	 {University of New Hamsphire},
  year = 	 {1981},
  OPTkey = 	 {},
  OPTtype = 	 {},
  OPTaddress = 	 {},
  OPTmonth = 	 {},
  OPTnote = 	 {Reproduit par IULC},
  OPTannote = 	 {}
}



@Book{lieber92,
  author = 	 {Rochelle Lieber},
  ALTeditor = 	 {},
  title = 	 {Deconstructing Morphology : Word Formation in Syntactic Theory},
  publisher = 	 {University of Chicago Press},
  year = 	 {1992},
  OPTkey = 	 {},
  OPTvolume = 	 {},
  OPTnumber = 	 {},
  OPTseries = 	 {},
  address = 	 {Chicago, \'Etats Unis d'Am\'erique},
  OPTedition = 	 {},
  OPTmonth = 	 {},
  OPTnote = 	 {},
  OPTannote = 	 {}
}



@InCollection{lowenstamm96,
  author = 	 {Jean Lowenstamm},
  editor = 	 {Jacques Durand and Bernard Laks},
  booktitle = 	 {Current Trends in Phonology Models and Methods},
  title = 	 {CV as the Only Syllable Type},
  publisher = 	 {European Studies Research Institute, University of Salford},
  year = 	 {1996},
  OPTkey = 	 {},
  OPTvolume = 	 {},
  OPTnumber = 	 {},
  OPTseries = 	 {},
  OPTtype = 	 {},
  OPTaddress = 	 {},
  OPTedition = 	 {},
  OPTmonth = 	 {},
  pages = 	 {419-442},
  OPTnote = 	 {},
  OPTannote = 	 {}
}

@Book{mackenzie1961,
 title = {{K}urdish dialect studies},
 XXXpublisher = {Oxford University Press},
 publisher = {Oxford Univ. Press},
 year = {1961},
 author = {MacKenzie, David N.},
 ALTALTeditor = {},
 OPTkey = {},
 OPTvolume = {1},
 Xnumber = {9},
 series = {London Oriental Series},
 address = {Londres, Royaume Uni},
 OPTedition = {},
 OPTmonth = {},
 OPTnote = {},
 OPTannote = {},
 OPTurl = {},
 OPTdoi = {},
 OPTissn = {},
 OPTlocalfile = {},
 OPTabstracts = {},
}

@Book{mackenzie1962,
 title = {{K}urdish dialect studies},
 publisher = {Oxford University Press},
 year = {1962},
 author = {MacKenzie, David N.},
 ALTALTeditor = {},
 OPTkey = {},
 volume = {2},
 Xnumber = {9},
 series = {London Oriental Series},
 address = {Londres, Royaume Uni},
 OPTedition = {},
 OPTmonth = {},
 OPTnote = {},
 OPTannote = {},
 OPTurl = {},
 OPTdoi = {},
 OPTissn = {},
 OPTlocalfile = {},
 OPTabstracts = {},
}

@Unpublished{maiden12imm,
  author = 	 {Martin Maiden},
  title = 	 {A possible constraint on the domain of morphomes: The morphology of Romanian feminine nouns.},
  note = 	 {Présentation au 15\`eme International Morphology Meeting (IMM15). Du 9 au 12 janvier 2012. Vienne, Autriche},
  OPTkey = 	 {},
  OPTmonth = 	 {},
  year = 	 {2012},
  OPTannote = 	 {}
}

@Article{maiden92,
  author = 	 {Martin Maiden},
  title = 	 {Irregularity as a determinant of morphological change},
  journal = 	 {Journal of Linguistics},
  year = 	 {1992},
  OPTkey = 	 {},
  volume = 	 {28},
  OPTnumber = 	 {},
  pages = 	 {285–312},
  OPTmonth = 	 {},
  OPTnote = 	 {},
  OPTannote = 	 {}
}

@Misc{malouf05,
  OPTkey = 	 {},
  author = 	 {Robert Malouf},
  title = 	 {Disjunctive rule ordering in finite state morphology},
  howpublished = {Communication au 41st Meeting of the Chicago Linguistics Society},
  OPTmonth = 	 {},
  year = 	 {2005},
  OPTnote = 	 {},
  OPTannote = 	 {}
}



@Book{mann1906,
 title = {Die Mundarten der Mukri-Kurden, Teil I: Grammatikalische Skizze, Texte in phonetischer und persische Umschrift},
 publisher = {Georg Reimer},
 year = {1906},
 author = {Oskar Mann},
 ALTALTeditor = {},
 OPTkey = {},
 OPTvolume = {},
 OPTnumber = {},
 OPTseries = {},
 address = {Berlin, Allemagne},
 OPTedition = {},
 OPTmonth = {},
 OPTnote = {},
 OPTannote = {},
 OPTurl = {},
 OPTdoi = {},
 OPTissn = {},
 OPTlocalfile = {},
 OPTabstracts = {},
}

@InProceedings{marantz97,
  title = 	 {No escape from syntax: Don't try morphological analysis in the privacy of your own Lexicon},
  year = 	 {1997},
  author = 	 {Alec Marantz},
  booktitle = {Proceedings of the 21st Annual Penn Linguistics Colloquium},
  editor = 	 {Alexis Dimitriadis and Laura Siegel and Clarissa Surek-Clark and Alexander Williams},
  OPTvolume = 	 {4},
  OPTnumber = 	 {2},
  series = 	 {Penn Working Papers in Linguistics},
  OPTaddress = 	 {},
  pages = 	 {201-225},
  OPTorganization = {},
  OPTpublisher = {},
  OPTnote = 	 {},
  OPTannote = 	 {}
}


@Book{matthews72,
  author = 	 {Peter H. Matthews},
  ALTeditor = 	 {},
  title = 	 {Inflectional Morphology: a Theoretical Study Based on Aspect of Latin Verb Conjugation},
  publisher = 	 {Cambridge University Press},
  year = 	 {1972},
  OPTkey = 	 {},
  OPTvolume = 	 {},
  OPTnumber = 	 {},
  OPTseries = 	 {},
  address = 	 {Cambridge, Royaume Uni},
  OPTedition = 	 {},
  OPTmonth = 	 {},
  OPTnote = 	 {},
  OPTannote = 	 {}
}


@Book{matthews74,
  author = 	 {Peter H. Matthews},
  ALTeditor = 	 {},
  title = 	 {Morphology},
  publisher = 	 {Cambridge University Press},
  year = 	 {1974},
  OPTkey = 	 {},
  OPTvolume = 	 {},
  OPTnumber = 	 {},
  OPTseries = 	 {},
  address = 	 {Cambridge, Royaume Uni},
  OPTedition = 	 {},
  OPTmonth = 	 {},
  OPTnote = 	 {},
  OPTannote = 	 {}
}
@Book{mayerthaler81,
  author = 	 {Mayerthaler, Willi},
  ALTeditor = 	 {},
  title = 	 {Morphologische Natürlichkeit},
  publisher = 	 {Athenaion},
  year = 	 {1981},
  OPTkey = 	 {},
  OPTvolume = 	 {},
  OPTnumber = 	 {},
  OPTseries = 	 {},
  OPTaddress = 	 {Wiesbaden, Allemagne},
  OPTedition = 	 {},
  OPTmonth = 	 {},
  note = 	 {Traduction anglaise (1988): Morphological Naturalness. Ann Arbor: Karoma Publ.},
  OPTannote = 	 {}
}
@Article{mccarthy81,
  author = 	 {McCarthy, John J},
  title = 	 {A prosodic theory of nonconcatenative morphology},
  journal = 	 {Linguistic Inquiry},
  year = 	 {1981},
  OPTkey = 	 {},
  volume = 	 {12},
  OPTnumber = 	 {},
  pages = 	 {373-418},
  OPTmonth = 	 {},
  OPTnote = 	 {},
  OPTannote = 	 {}
}




@Article{mccarthy82,
  author = 	 {McCarthy, John J.},
  title = 	 {Prosodic structure and expletive infixation.},
  journal = 	 {Language},
  year = 	 {1982},
  OPTkey = 	 {},
  OPTvolume = 	 {},
  OPTnumber = 	 {},
  OPTpages = 	 {},
  OPTmonth = 	 {},
  OPTnote = 	 {},
  OPTannote = 	 {}
}

@PhdThesis{mccarus1958,
 author = {McCarus, Ernest N.},
 title = {A {K}urdish Grammar: descriptive analysis of the {K}urdish of Sulaimaniya, Iraq},
 school = {American Council of Learned Societies},
 year = {1958},
 OPTkey = {},
 OPTtype = {},
 address = {New-York, \'Etats Unis d'Am\'erique},
 OPTmonth = {},
 OPTnote = {},
 OPTannote = {},
 OPTurl = {},
 OPTdoi = {},
 OPTissn = {},
 OPTlocalfile = {},
 OPTabstract = {},
}

@article{mcwhorter01,
author = {John McWhorter},
title = {The world's simplest grammars are creole grammars},
journal = {Linguistic Typology},
volume = 5,
pages = {125-166},
year = 2001,
}

@Book{mercer00,
  author = 	 {Neil Mercer},
  ALTeditor = 	 {},
  title = 	 {Words and Minds. How We Use Language to Think Together},
  publisher = 	 {Routledge},
  year = 	 {2000},
  OPTkey = 	 {},
  OPTvolume = 	 {},
  OPTnumber = 	 {},
  OPTseries = 	 {},
  address = 	 {Londres, Royaume-Uni},
  OPTedition = 	 {},
  OPTmonth = 	 {},
  OPTnote = 	 {},
  OPTannote = 	 {}
}




@Article{micelli89,
  author = 	 {Gabriele Micelli and Alfonzo Caramazza},
  title = 	 {Dissociation of inflectional and derivational morphology},
  journal = 	 {Brain and Language},
  year = 	 {1989},
  OPTkey = 	 {},
  volume = 	 {35},
  number = 	 {1},
  pages = 	 {24-65},
  OPTmonth = 	 {},
  OPTnote = 	 {},
  OPTannote = 	 {}
}

@Book{mifsud95,
  author = 	 {Manwel Mifsud},
  ALTeditor = 	 {},
  title = 	 {Loan verbs in Maltese},
  publisher = 	 {Brill},
  year = 	 {1995},
  OPTkey = 	 {},
  OPTvolume = 	 {},
  OPTnumber = 	 {},
  OPTseries = 	 {},
  OPTaddress = 	 {},
  OPTedition = 	 {},
  OPTmonth = 	 {},
  OPTnote = 	 {},
  OPTannote = 	 {}
}



@INPROCEEDINGS{molinero09,
  author = {Molinero, Miguel \'Angel and Sagot, Beno\^it and Nicolas, Lionel},
  title = {A morphological and syntactic wide-coverage lexicon for {S}panish:
	The \leffe},
  booktitle = {Proceedings of the 7th conference on Recent Advances in Natural Language
	Processing (RANLP 2009)},
  year = {2009},
  address = {Borovets, Bulgarie},
  editors = {Galia Angelova, Kalina Bontcheva, Ruslan Mitkov, Nicolas Nocolov and
	Nokolai Nikolov}
}

@Article{montague70,
  author = 	 {Montague, Richard},
  title = 	 {English as a Formal Language},
  journal = 	 {Linguaggi nella società e nella tecnica},
  year = 	 {1970},
  publisher = 	 {Edizioni di Comunità},
  OPTvolume = 	 {},
  OPTnumber = 	 {},
  pages = 	 {189-224},
  OPTmonth = 	 {},
  OPTnote = 	 {},
  address = 	 {Milan}
}

@book{newman1944,
  address    = {New York},
  author     = {Newman, Stanley},
  iso_code   = {yok},
  keywords   = {Yawelmani},
  olac_field = {syntax},
  publisher  = {The Viking Fund Publications in Anthropology},
  refdb_id   = {http://wals.info/refdb/record/1747},
  title      = {The Yokuts Language of California},
  wals_code  = {ywl},
  year       = {1944}
}

@InCollection{nordlinger04,
  author = 	 {Nordlinger, Rachel and Sadler, Louisa},
  title = 	 {Relating Morphology to Syntax},
  booktitle = 	 {Projecting Morphology},
  OPTcrossref =  {},
  OPTkey = 	 {},
  pages = 	 {159-185},
  publisher = {CSLI Publications},
  year = 	 {2004},
  editor = 	 {Sadler, Louisa and Spencer, Andrew},
  OPTvolume = 	 {},
  OPTnumber = 	 {},
  OPTseries = 	 {},
  OPTtype = 	 {},
  address = 	 {Stanford, \'Etats Unis d'Am\'erique},
  OPTedition = 	 {},
  OPTmonth = 	 {},
  OPTnote = 	 {},
  OPTannote = 	 {}
}





@PhdThesis{nordlinger98,
  author = 	 {Rachel Nordlinger},
  title = 	 {Constructive Case},
  school = 	 {Stanford University},
  year = 	 {1998},
  publisher = 	 {CSLI Publications},
  OPTtype = 	 {},
  OPTaddress = 	 {Stanford, Californie, \'Etats Unis d'Am\'erique},
  OPTmonth = 	 {},
  note = 	 {Revised version of  PhD thesis},
  OPTannote = 	 {}
}

@InBook{okham1323,
  author = 	 {Guillaume d'Okham},
  ALTeditor = 	 {},
  title = 	 {Summa totius logicae},
  chapter = 	 {12},
  publisher = 	 {Éditions T.E.R},
  year = 	 {1323},
  OPTkey = 	 {},
  volume = 	 {I},
  OPTnumber = 	 {},
  OPTseries = 	 {},
  OPTtype = 	 {},
  OPTaddress = 	 {},
  edition = 	 {1988},
  OPTmonth = 	 {},
  OPTpages = 	 {},
  OPTnote = 	 {},
  OPTannote = 	 {}
}

@Article{palancar12,
  author = 	 {Enrique Palancar},
  title = 	 {An alternative view on the inflectional complexity of Chinantecan verb classes},
  journal = 	 {TBA},
  OPTyear = 	 {},
  OPTkey = 	 {},
  OPTvolume = 	 {},
  OPTnumber = 	 {},
  OPTpages = 	 {},
  OPTmonth = 	 {},
  note = 	 {\`a~para\^itre},
  OPTannote = 	 {}
}

@Booklet{panini,
  title = 	 {A\textsubdot{s}\textsubdot{t}\=adhy\=ay\=i: Grammaire du sanskrit},
  OPTkey = 	 {},
  author = 	 {P\=a\textsubdot{n}ini},
  OPThowpublished = {},
  OPTaddress = 	 {},
  OPTmonth = 	 {},
  year = 	 {env. 500 AEC},
  OPTnote = 	 {},
  OPTannote = 	 {}
}

@Article{paradis88,
  author = 	 {Paradis, Carole},
  title = 	 {On Constraints and Repair Strategies},
  journal = 	 {The Linguistic Review},
  year = 	 {1988},
  OPTkey = 	 {},
  volume = 	 {6},
  number = 	 {1},
  pages = 	 {71-97},
  OPTmonth = 	 {},
  OPTnote = 	 {},
  OPTannote = 	 {}
}





@Article{paradis95,
  author = 	 {Carole Paradis and Fatimazohra El Fenne},
  title = 	 {French verbal inflection revisited: Constraints, repairs and floating consonants},
  journal = 	 {Lingua},
  year = 	 {1995},
  OPTkey = 	 {},
  volume = 	 {95},
  OPTnumber = 	 {},
  pages = 	 {169-204},
  OPTmonth = 	 {},
  OPTnote = 	 {},
  OPTannote = 	 {}
}

@Book{peirce65,
  author = 	 {Peirce, Charles S.},
  ALTeditor = 	 {},
  title = 	 {Collected Papers},
  publisher = 	 {Harvard University Press},
  year = 	 {1965},
  OPTkey = 	 {},
  OPTvolume = 	 {},
  OPTnumber = 	 {},
  OPTseries = 	 {},
  address = 	 {Cambridge, MA, \'Etats Unis d'Am\'erique},
  OPTedition = 	 {},
  OPTmonth = 	 {},
  OPTnote = 	 {},
  OPTannote = 	 {}
}

@InCollection{perlmutter80,
  author = 	 {Perlmutter, David M.},
  title = 	 {Relational grammar},
  booktitle = 	 {Syntax and semantics: Current approaches to syntax},
  OPTcrossref =  {},
  OPTkey = 	 {},
  OPTpages = 	 {195-229},
  publisher = {Academic Press},
  year = 	 {1980},
  editor = 	 {E. A. Moravcsik and J. R. Wirth},
  OPTvolume = 	 {13},
  OPTnumber = 	 {},
  OPTseries = 	 {},
  OPTtype = 	 {},
  OPTchapter = 	 {},
  address = 	 {New York},
  OPTedition = 	 {},
  OPTmonth = 	 {},
  OPTnote = 	 {},
  OPTannote = 	 {}
}

@InCollection{perlmutter88,
  author = 	 {David Perlmutter},
  title = 	 {The Split Morphology Hypothesis: Evidence from Yiddish},
  booktitle = 	 {Theoretical Morphology},
  OPTcrossref =  {},
  OPTkey = 	 {},
  pages = 	 {79-99},
  publisher = {Academic Press, Inc.},
  year = 	 {1988},
  editor = 	 {Michael Hammond and Michael Noonan},
  OPTvolume = 	 {},
  OPTnumber = 	 {},
  OPTseries = 	 {},
  OPTtype = 	 {},
  OPTchapter = 	 {},
  address = 	 {San Diego, \'Etats Unis d'Am\'erique},
  OPTedition = 	 {},
  OPTmonth = 	 {},
  OPTnote = 	 {},
  OPTannote = 	 {}
}

@article{piantadosi11,
  title = {Quantitative standards for absolute linguistic universals},
  author = {Piantadosi, Steven T. and Gibson, Edward},
  year = {2011},
  journal = {under review},
  url = {http://web.mit.edu/piantado/www/papers/PiantadosiGibson-inprep.pdf}
}




@Article{pirrelli00,
  author = 	 {Vito Pirrelli and Marco Battista},
  title = 	 {The Paradigmatic Dimension of Stem Allomorphy in Italian Verb Inflection},
  journal = 	 {Italian Journal of Linguistics},
  year = 	 {2000},
  OPTkey = 	 {12},
  volume = 	 {},
  OPTnumber = 	 {},
  pages = 	 {307-380},
  OPTmonth = 	 {},
  OPTnote = 	 {},
  OPTannote = 	 {}
}

@Article{plenat87,
  author = 	 {Marc Pl\'enat},
  title = 	 {Morphologie du pass\'e simple et du pass\'e compos\'e des verbes de l'"og autre" conjugaison},
  journal = 	 {ITL Review of Applied Linguistics},
  year = 	 {1987},
  OPTkey = 	 {},
  volume = 	 {77},
  number = 	 {78},
  pages = 	 {93-150},
  OPTmonth = 	 {},
  OPTnote = 	 {},
  OPTannote = 	 {}
}

@Book{pollard94,
 title = {Head-driven Phrase Structure Grammar},
 publisher = {CSLI Publications},
 year = {1994},
 author = {Pollard, Carl and Sag, Ivan},
 ALTALTeditor = {},
 OPTkey = {},
 OPTvolume = {},
 OPTnumber = {},
 OPTseries = {},
 address = {Stanford, \'Etats Unis d'Am\'erique},
 OPTedition = {},
 OPTmonth = {},
 OPTnote = {},
 OPTannote = {},
 OPTurl = {},
 OPTdoi = {},
 OPTissn = {},
 OPTlocalfile = {},
 OPTabstracts = {},
}

@Misc{pollard97,
  OPTkey = 	 {},
  author = 	 {Carl Pollard and Ivan Sag},
  title = 	 {HPSG: Background and Basics},
  howpublished = {Manuscrit},
  OPTmonth = 	 {9 novembre},
  year = 	 {1997},
  OPTnote = 	 {},
  OPTannote = 	 {}
}

@Book{prior95,
  author = 	 {Richard E. Prior and Joseph Wohlberg},
  ALTeditor = 	 {},
  title = 	 {501 Latin verbs --- fully conjugated in all the tenses},
  publisher = 	 {Barron's},
  year = 	 {1995},
  OPTkey = 	 {},
  OPTvolume = 	 {},
  OPTnumber = 	 {},
  series = 	 {Barron's Educational Series, Inc.},
  OPTaddress = 	 {},
  OPTedition = 	 {},
  OPTmonth = 	 {},
  OPTnote = 	 {},
  OPTannote = 	 {}
}

@article{rissanen84,
author = {J. Rissanen},
title = {Universal coding, information, prediction, and estimation},
year = 1984,
journal = {{IEEE} Transactions on Information Theory},
volume = 30,
number = 4,
pages = {629--636},
}


@book{roark07,
  title={Computational Approaches to Morphology and Syntax},
  author={Roark, Brian and Sproat, Richard},
  isbn={9780199274772},
  lccn={2007013663},
  series={Oxford Surveys in Syntax and Morphology},
  OPTurl={http://books.google.fr/books?id=hcpHH1nCYSIC},
  year={2007},
  publisher={Oxford University Press, \'Etats Unis d'Am\'erique}
}


@Article{robins1959,
  author = 	 {Robins, Robert H.},
  title = 	 {In defense of WP},
  journal = 	 {Transactions of the Philological Society 1959},
  year = 	 {1959},
  OPTkey = 	 {},
  OPTvolume = 	 {},
  OPTnumber = 	 {},
  pages = 	 {116-144},
  OPTmonth = 	 {},
  OPTnote = 	 {},
  OPTannote = 	 {}
}

@book{rubino00,
  address    = {Honolulu},
  author     = {Rubino, Carl},
  gbs_id     = {qG-zAa{\_}rjoMC},
  iso_code   = {ilo},
  keywords   = {Ilocano},
  olac_field = {semantics},
  publisher  = {University of Hawaii Press},
  refdb_id   = {http://wals.info/refdb/record/3014},
  title      = {Ilocano Dictionary and Grammar},
  wals_code  = {ilo},
  year       = {2000}
}

@incollection{rubino01,
  address    = {New York / Dublin},
  author     = {Rubino, Carl},
  booktitle  = {Encyclopedia of the World's Languages: Past and Present},
  editor     = {Garry, Jane and Rubino, Carl},
  iso_code   = {pag},
  keywords   = {Pangasinan},
  olac_field = {morphology},
  pages      = {539-542},
  publisher  = {H.W. Wilson Press},
  refdb_id   = {http://wals.info/refdb/record/3015},
  title      = {Pangasinan},
  wals_code  = {pnn},
  year       = {2001}
}


@InCollection{sadler01,
  author = 	 {Sadler, Louisa and Andrew Spencer},
  title = 	 {Syntax as an exponent of morphosyntactic features},
  booktitle = 	 {Yearbook of Morphology 2000},
  OPTcrossref =  {},
  OPTkey = 	 {},
  pages = 	 {71-96},
  publisher = {Kluwer Academic Publishers},
  year = 	 {2001},
  editor = 	 {Geert Booij and Jaap van Marle},
  OPTvolume = 	 {},
  OPTnumber = 	 {},
  OPTseries = 	 {},
  OPTtype = 	 {},
  OPTchapter = 	 {},
  address = 	 {Dordrecht, Pays-Bas},
  OPTedition = 	 {},
  OPTmonth = 	 {},
  OPTnote = 	 {},
  OPTannote = 	 {}
}


@InCollection{sadler98,
 author = {Sadler, Louisa and Andrew Spencer},
 title = {Argument structure and morphology},
 booktitle = {The Handbook of Morphology},
 OPTcrossref = {},
 OPTkey = {},
 pages = {206-36},
 publisher = {Basil Blackwell},
 year = {1998},
 editor = {Andrew Spencer and Arnold Zwicky},
 OPTvolume = {},
 OPTnumber = {},
 OPTseries = {},
 OPTtype = {},
 OPTchapter = {},
 address = {Oxford, Royaume Uni},
 OPTedition = {},
 OPTmonth = {},
 OPTnote = {},
 OPTannote = {},
 OPTurl = {},
 OPTdoi = {},
 OPTissn = {},
 OPTlocalfile = {},
 OPTabstract = {},
}


@Book{sag03,
  author = 	 {Ivan Sag and Thomas Wasow and Emily Bender},
  ALTeditor = 	 {},
  title = 	 {Syntactic {T}heory: a {F}ormal {I}ntroduction},
  publisher = 	 {CSLI},
  year = 	 {2003},
  OPTkey = 	 {},
  OPTvolume = 	 {},
  OPTnumber = 	 {},
  OPTseries = 	 {},
  address = 	 {Palo Alto, Californie},
  XXXedition = 	 {2},
  OPTmonth = 	 {},
  OPTnote = 	 {},
  OPTannote = 	 {}
}

@InCollection{sag11,
  OPTkey = 	 {},
  author = 	 {Hans C. Boas and Sag, Ivan A},
  title = 	 {Sign-Based Construction Grammar: An informal synopsis},
  note = {Manuscrit en ligne de mai 2012.},
  OPTmonth = 	 {mai},
  year = 	 {à paraître},
  booktitle = 	 {Sign-Based Construction Grammar},
  url = 	 {http://lingo.stanford.edu/sag/papers/theo-syno.pdf},
  publisher = {CSLI Publications},
  editor = {Hans C. Boas and Sag, Ivan A},
  address = {Stanford, \'Etats Unis d'Am\'erique}
}


@INPROCEEDINGS{sagot05tsd,
  author = {Beno\^{\i}t Sagot},
  title = {Automatic acquisition of a {Slovak} lexicon from a raw corpus},
  booktitle = {Lecture Notes in Artificial Intelligence 3658 ((c) Springer-Verlag),
	Proceedings of TSD'05},
  year = {2005},
  pages = {156–163},
  address = {Karlovy Vary, République Tchèque},
  OPTurl = {http://atoll.inria.fr/\~{}sagot/pub/TSD05.pdf}
}

@INPROCEEDINGS{sagot06lefff,
  author = {Beno\^it Sagot and Lionel Cl\'ement and {de La Clergerie}, \'Eric and
	Pierre Boullier},
  title = {The {L}e\textit{fff} 2 syntactic lexicon for {F}rench: architecture,
	acquisition, use},
  booktitle = {Proceedings of the 5th Language Resource and Evaluation Conference},
  year = {2006},
  address = {Lisbonne, Portugal},
  OPTurl = {http://atoll.inria.fr/~sagot/pub/LREC06b.pdf}
}

@PHDTHESIS{sagot06phd,
  author = {Sagot, Beno\^{\i}t},
  title = {Analyse automatique du fran\c{c}ais: lexiques, formalismes, analyseurs},
  school = {Universit\'e Paris 7},
  year = {2006}
}


@INPROCEEDINGS{sagot07ltc,
  author = {Beno\^{\i}t Sagot},
  title = {Building a morphosyntactic lexicon and a pre-syntactic processing
	chain for {Polish}},
  booktitle = {Proceedings of the 3rd Language \& Technology Conference (LTC'05)},
  year = {2007},
  pages = {423–427},
  address = {Pozna\'n, Pologne}
}

@INPROCEEDINGS{sagot10lefff,
  author = {Beno\^{\i}t Sagot},
  title = {The \lefff, a freely available, accurate and large-coverage lexicon for {F}rench},
  booktitle = {Proceedings of the 7th Language Resource and Evaluation Conference},
  year = {2010},
  address = {La Valette, Malte},
}

@INPROCEEDINGS{sagot10perlextaln,
  author = {Beno\^it Sagot and G\'eraldine Walther and Pegah
Faghiri and Pollet Samvelian},
  title = {D\'{e}veloppement de ressources pour le persan: {\rm\perlex}~2
et {\rm\meltfa}},
  booktitle = {Actes de TALN 2011},
  year = {2011},
  address = {Montpellier, France},
  OPTnote = {}
}


@INPROCEEDINGS{sagot11perlex,
  author = {Beno\^it Sagot and G\'eraldine Walther},
  title = {D\'eveloppement de ressources pour le persan: lexique morphologique et cha\^ine de traitements de surface},
  booktitle = {Actes de TALN 2010},
  year = {2010},
  address = {Montr\'eal, Canada},
  OPTnote = {}
}



@InProceedings{sagot11sfcm,
  author = 	 {Sagot, Beno\^it and G\'eraldine Walther},
  title = 	 {Non-canonical inflection : data, formalisation and complexity measures.},
  OPTcrossref =  {},
  OPTkey = 	 {},
  booktitle = {Systems and Frameworks in Computational Morphology},
  pages = 	 {23-45},
  year = 	 {2011},
  editor = 	 {Mahlow, Cerstin and Piotrowski, Michael},
  volume = 	 {100},
  OPTnumber = 	 {},
  OPTseries = 	 {Communications in Computer and Information Science},
  address = 	 {Zurich, Suisse},
  OPTmonth = 	 {},
  OPTorganization = {},
  publisher = {Springer},
  OPTnote = 	 {},
  isbn      = {978-3-642-23137-7},
  OPTannote = 	 {}
}

@book{bybee85,
  title={Morphology: a study of the relation between meaning and form},
  author={Bybee, J.},
  OPTisbn={9789027228789},
  OPTlccn={85009201},
  series={Typological studies in language},
  OPTurl={http://books.google.fr/books?id=M6kaoe-jIwUC},
  year={1985},
  publisher={John Benjamins}
}






@TechReport{prince93,
  author = 	 {Prince, Alan and Paul Smolensky},
  title = 	 {Optimality Theory: Constraint Interaction in Generative Grammar},
  institution =  {Rutgers University Center for Cognitive Science and Computer Science Department, University of Colorado at Boulder},
  year = 	 {1993},
  OPTkey = 	 {},
  OPTtype = 	 {},
  OPTnumber = 	 {},
  OPTaddress = 	 {},
  OPTmonth = 	 {},
  note = 	 {Blackwell Publishers (2004)},
  OPTannote = 	 {}
}

@Article{burzio02,
  author = 	 {Luigi Burzio},
  title = 	 {Missing Players: Phonology and the Past-tense Debate,},
  journal = 	 {Lingua},
  year = 	 {2002},
  OPTkey = 	 {},
  volume = 	 {112},
  OPTnumber = 	 {},
  pages = 	 {157-199},
  OPTmonth = 	 {},
  OPTnote = 	 {},
  OPTannote = 	 {}
}

@Article{roche10,
  author = 	 {Michel Roch\'e},
  title = 	 {Base th\`em, radical},
  journal = 	 {Recherches linguistiques de Vincennes},
  year = 	 {2010},
  OPTkey = 	 {},
  volume = 	 {39},
  OPTnumber = 	 {},
  OPTpages = 	 {},
  OPTmonth = 	 {},
  OPTnote = 	 {},
  OPTannote = 	 {}
}

@InProceedings{sagot13sfcm,
  author = 	 {Sagot, Beno\^it and G\'eraldine Walther},
  title = 	 {Implementing a formal model of inflectional morphology},
  OPTcrossref =  {},
  OPTkey = 	 {},
  booktitle = {Systems and Frameworks in Computational Morphology},
  OPTpages = 	 {23-45},
  year = 	 {2013},
  editor = 	 {Mahlow, Cerstin and Piotrowski, Michael},
  volume = 	 {100},
  OPTnumber = 	 {},
  OPTseries = 	 {Communications in Computer and Information Science},
  address = 	 {Berlin, Heidelberg, Allemagne},
  OPTmonth = 	 {},
  OPTorganization = {},
  publisher = {Springer},
  OPTnote = 	 {},
  OPTisbn      = {978-3-642-23137-7},
  OPTannote = 	 {}
}


@InProceedings{samvelian07csli,
 author = {Samvelian, Pollet},
 title = {What {S}orani {K}urdish Absolute Prepositions Tell us About Cliticization},
 booktitle = {Texas Linguistics Society IX: The Morphosyntaxe of Understudied Languages},
 OPTcrossref = {},
 OPTkey = {},
 OPTpages = {},
 year = {2007},
 editor = {Frederic Hoyt and Nikki Seifert and Alexandra Teodorescu},
 OPTvolume = {},
 OPTnumber = {},
 OPTseries = {},
 address = {Stanford, \'Etats Unis d'Am\'erique},
 OPTmonth = {},
 OPTorganization = {},
 publisher = {CSLI online publications},
 OPTnote = {},
 OPTannote = {},
 OPTurl = {},
 OPTdoi = {},
 OPTissn = {},
 OPTlocalfile = {},
 OPTabstract = {},
}

@Book{samvelian11complpred,
  author = 	 {Pollet Samvelian},
  ALTeditor = 	 {},
  title = 	 {Les pr\'edicats complexes {N}om-{V}erbe en persan. {\'E}tude syntaxique et s\' emantique.},
  publisher = 	 {Herm\`es-Lavoisier},
  year = 	 {2011},
  OPTkey = 	 {},
  OPTvolume = 	 {},
  OPTnumber = 	 {},
  OPTseries = 	 {},
  OPTaddress = 	 {},
  OPTedition = 	 {},
  OPTmonth = 	 {},
  OPTnote = 	 {},
  OPTannote = 	 {\`a para\^itre}}

@Book{sapir1921,
  author = 	 {Sapir, Edward},
  ALTeditor = 	 {},
  title = 	 {Language: An Introduction to the Study of Speech},
  publisher = 	 {Harcourt, Brace},
  year = 	 {1921},
  OPTkey = 	 {},
  OPTvolume = 	 {},
  OPTnumber = 	 {},
  OPTseries = 	 {},
  address = 	 {New-York, \'Etats Unis d'Am\'erique},
  OPTedition = 	 {},
  OPTmonth = 	 {},
  OPTnote = 	 {},
  OPTannote = 	 {}
}

@Book{sausy77,
  author = 	 {Lucien Sausy},
  ALTeditor = 	 {},
  title = 	 {Grammaire Latine complète},
  publisher = 	 {Fernand Lanore},
  year = 	 {1977},
  OPTkey = 	 {},
  OPTvolume = 	 {},
  OPTnumber = 	 {},
  OPTseries = 	 {},
  OPTaddress = 	 {},
  OPTedition = 	 {},
  OPTmonth = 	 {},
  OPTnote = 	 {},
  OPTannote = 	 {}
}


@Book{skalicka79,
  author = 	 {Skali\v{c}ka, Vladimir},
  ALTeditor = 	 {},
  title = 	 {Typologische Studien},
  publisher = 	 {Vieweg},
  year = 	 {1979},
  OPTkey = 	 {},
  OPTvolume = 	 {},
  OPTnumber = 	 {},
  OPTseries = 	 {},
  address = 	 {Braunschweig, Allemagne},
  OPTedition = 	 {},
  OPTmonth = 	 {},
  OPTnote = 	 {},
  OPTannote = 	 {}
} 


@Book{soane1913,
 title = {{K}urdish Grammar (Grammar of the Kurmandj or {K}urdish Dialect)},
 publisher = {Luzac \& co.},
 year = {1913},
 author = {Soane, E.B.},
 ALTALTeditor = {},
 OPTkey = {},
 OPTvolume = {},
 OPTnumber = {},
 OPTseries = {},
 OPTaddress = {},
 OPTedition = {},
 OPTmonth = {},
 OPTnote = {},
 OPTannote = {},
 OPTurl = {},
 OPTdoi = {},
 OPTissn = {},
 OPTlocalfile = {},
 OPTabstracts = {},
}


@PhdThesis{spagnol11mlrs,
  author = 	 {Spagnol, Michael},
  title = 	 { A Tale of Two Morphologies. Verb structure and argument alternations in Maltese},
  school = 	 {University of Konstanz},
  year = 	 {2011},
  OPTkey = 	 {},
  OPTtype = 	 {},
  address = 	 {Constance, Allemagne},
  OPTmonth = 	 {},
  OPTnote = 	 {},
  OPTannote = 	 {}
}



@Book{spencer91,
  author = 	 {Andrew Spencer},
  ALTeditor = 	 {},
  title = 	 {Morphological Theory: An Introduction to Word Structure in Generative Grammar },
  publisher={Basil Blackwell},
  year = 	 {1991},
  isbn={9780631161448},
  lccn={lc90044350},
  OPTkey = 	 {},
  OPTvolume = 	 {},
  OPTnumber = 	 {},
  series = 	 {Blackwell Textbooks in Linguistics},
  address = 	 {Oxford, Royaume-Uni},
  OPTedition = 	 {},
  OPTmonth = 	 {},
  OPTnote = 	 {},
  OPTannote = 	 {}
}



@InCollection{stampe73,
  author = 	 {Stampe, David},
  title = 	 {On Chapter Nine},
  booktitle = 	 {Issues in Phonological Theory},
  OPTcrossref =  {},
  OPTkey = 	 {},
  pages = 	 {44-52},
  publisher = 	 {Mouton},
  year = 	 {1973},
  editor = 	 {Kenstowicz, Michael and Kisseberth, Charles},
  OPTvolume = 	 {},
  OPTnumber = 	 {},
  OPTseries = 	 {},
  OPTtype = 	 {},
  OPTchapter = 	 {},
  address = 	 {La Haye, Pays-Bas},
  OPTedition = 	 {},
  OPTmonth = 	 {},
  OPTnote = 	 {},
  OPTannote = 	 {}
}

@ARTICLE{steele95,
   author = {Steele, Susan},
   year = {1995},
   title = {Towards a Theory of Morphological Information},
   journal = {Language},
   number = {2},
   volume = {71},
   pages = {260-309},
   OPTnote = {pdf},
   publisher = {Linguistic Society of America},
}

@Book{stefanini62,
  author = 	 {Jean Stéfanini},
  ALTeditor = 	 {},
  title = 	 {La voix pronominale en ancien et en moyen français},
  publisher = 	 {Ophrys},
  year = 	 {1962},
  OPTkey = 	 {},
  OPTvolume = 	 {},
  OPTnumber = 	 {},
  OPTseries = 	 {},
  OPTaddress = 	 {},
  OPTedition = 	 {},
  OPTmonth = 	 {},
  OPTnote = 	 {},
  OPTannote = 	 {}
}

@Book{stump01,
 title = {Inflectional Morphology. A Theory of Paradigm Structure},
 publisher = {Cambridge University Press},
 year = {2001},
 author = {Stump, Gregory T.},
 ALTALTeditor = {},
 OPTkey = {},
 OPTvolume = {},
 OPTnumber = {},
 OPTseries = {},
 address = {Cambridge, Royaume Uni},
 OPTedition = {},
 OPTmonth = {},
 OPTnote = {},
 OPTannote = {},
 OPTurl = {},
 OPTdoi = {},
 OPTissn = {},
 OPTlocalfile = {},
 OPTabstracts = {},
}




@Article{jackendoff75,
  author = 	 {Ray Jackendoff},
  title = 	 {Morphological and Semantic Regularities in the Lexicon},
  journal = 	 {Language},
  year = 	 {1975},
  OPTkey = 	 {},
  volume = 	 {51},
  number = 	 {3},
  pages = 	 {639-671},
  OPTmonth = 	 {},
  OPTnote = 	 {},
  OPTannote = 	 {}
}

@InCollection{stump02,
  author = 	 {Gregory T. Stump},
  title = 	 {Morphological and syntactic paradigms: Arguments for a theory of paradigm linkage},
  booktitle = 	 {Yearbook of Morphology 2001},
  OPTcrossref =  {},
  OPTkey = 	 {},
  pages = 	 {147-180},
  publisher = {Kluwer},
  year = 	 {2002},
  editor = 	 {Geert Booij and Jaap van Marle},
  OPTvolume = 	 {},
  OPTnumber = 	 {},
  OPTseries = 	 {},
  OPTtype = 	 {},
  OPTchapter = 	 {},
  OPTaddress = 	 {Dordrecht, Pays-Bas},
  OPTedition = 	 {},
  OPTmonth = 	 {},
  OPTnote = 	 {},
  OPTannote = 	 {}
}





@Article{stump06a,
  author = 	 {Gregory T. Stump},
  title = 	 {Heteroclisis and Paradigm Linkage},
  journal = 	 {Language},
  year = 	 {2006},
  OPTkey = 	 {},
  volume = 	 {82},
  OPTnumber = 	 {},
  pages = 	 {279-322},
  OPTmonth = 	 {},
  OPTnote = 	 {},
  OPTannote = 	 {}
}


@InCollection{stump06b,
 author = {Gregory T. Stump},
 title = {Paradigm Function Morphology},
 booktitle = {Encyclopedia of Language and Linguistics},
 OPTcrossref = {},
 OPTkey = {},
 pages = {171-173},
 publisher = {Elsevier},
 OPTyear = {},
 editor = {Keith Brown},
 OPTvolume = {9},
 OPTnumber = {},
 OPTseries = {},
 OPTtype = {},
 OPTchapter = {},
 address = {Oxford, Royaume-Uni},
 OPTedition = {},
 OPTmonth = {},
 OPTnote = {},
 OPTannote = {},
 OPTurl = {},
 OPTdoi = {},
 OPTissn = {},
 OPTlocalfile = {},
 OPTabstract = {},
}


@Article{stump91,
 author = {Stump, Gregory T.},
  title = 	 {A Paradigm-theory of Morphosemantic Mismatches},
  journal = 	 {Language},
  year = 	 {1991},
  OPTkey = 	 {},
  volume = 	 {67},
  OPTnumber = 	 {},
  pages = 	 {675—725},
  OPTmonth = 	 {},
  OPTnote = 	 {},
  OPTannote = 	 {}
}

@Article{swiggers87,
  author = 	 {Pierre Swiggers and Karel van den Eynde},
  title = 	 {La morphologie du verbe fran\c{c}ais},
  journal = 	 {ITL Review of Applied Linguistics},
  year = 	 {1987},
  OPTkey = 	 {77},
  volume = 	 {78},
  OPTnumber = 	 {},
  pages = 	 {151-251},
  OPTmonth = 	 {},
  OPTnote = 	 {},
  OPTannote = 	 {}
}

@MISC{thackston06k,
  author = {Thackston, Wheeler M.},
  title = {{K}urmandji {K}urdish: A Reference Grammar with Selected Readings},
  howpublished = {Publi\'e en ligne},
  year = {2006},
  url = {http://www.fas.harvard.edu/\~iranian/Kurmanji/kurmanji_1_grammar.pdf}
}

@Misc{thackston06s,
 author = {Thackston, W.M.},
 title = {{S}orani {K}urdish: A Reference Grammar with Selected Readings},
 howpublished = {Publi\'e en ligne.},
 OPTkey = {},
 OPTmonth = {},
 year = {2006},
 OPTannote = {},
 url = {http://www.fas.harvard.edu/~iranian/Sorani/sorani_1_grammar.pdf},
 OPTdoi = {},
 OPTissn = {},
 OPTlocalfile = {},
 OPTabstract = {},
}

@Misc{thornton10,
  author = 	 {Anna M. Thornton},
  title = 	 {Towards a Typology of overabundance},
  howpublished = 	 {Communication au colloque des Décembrettes 7},
  adress = 	 {Toulouse, France},
  month = 	 {décembre},
  year = 	 {2010},
  OPTannote = 	 {}
}

@InCollection{thornton11,
  author = 	 {Anna M. Thornton},
  title = 	 {Overabundance (Multiple Forms Realizing the Same Cell): A Non-canonical Phenomenon in Italian Verb Morphology},
  booktitle = 	 {Morphological Autonomy: Perspectives From Romance Inflectional Morphology},
  OPTcrossref =  {},
  OPTkey = 	 {},
  OPTpages = 	 {},
  publisher = {Oxford University Press},
  year = 	 {2011},
  editor = 	 {Martin Maiden, John Charles Smith, Maria Goldbach and Marc-Olivier Hinzelin}
}



@Article{thornton12,
  author = 	 {Anna M. Thornton},
  title = 	 {Reduction and maintenance of overabundance. A case study on Italian verb paradigms},
  journal = 	 {Word Structure},
  year = 	 {2012},
  OPTkey = 	 {},
  volume = 	 {5},
  OPTnumber = 	 {},
  pages = 	 {183-207},
  OPTmonth = 	 {},
  OPTnote = 	 {},
  OPTannote = 	 {}
}

@book{tosco01,
  author="Tosco, Mauro",
  year = 2001,
  title = {The {D}haasanac language},
  address = "Cologne, Allemagne",
  publisher = {R\"udiger Kl\"oppe},
}

@PhdThesis{tribout10thesis,
  author = 	 {Delphine Tribout},
  title = 	 {Les conversions de nom à verbe et de verbe à nom en français},
  school = 	 {Université Paris Diderot (Paris 7)},
  year = 	 {2010},
  OPTkey = 	 {},
  type = 	 {Sciences du Langage},
  address = 	 {Paris, France},
  month = 	 {novembre},
  OPTnote = 	 {},
  OPTannote = 	 {}
}

@InProceedings{ussishkin09,
  author = 	 {A Ussishkin and A Twist},
  editor = 	 {Bernard Comrie and Ray Fabri and Elizabeth Hume and Manwel
                  Mifsud and Thomas Stolz and Martine Vanhove},
  title = 	 {Auditory and visual lexical decision in Maltese},
  booktitle = 	 {Introducing Maltese Linguistics: Proceedings of the
                  1st International Conference on Maltese Linguistics},
  publisher = 	 {John Benjamins},
  year = 	 {2009},
  OPTkey = 	 {},
  OPTvolume = 	 {},
  OPTnumber = 	 {},
  series = 	 {Studies in Language Companion Series},
  OPTtype = 	 {},
  OPTaddress = 	 {Philadelphie, \'Etats Unis d'Am\'erique/Amsterdam, Pays-Bas},
  OPTedition = 	 {},
  OPTmonth = 	 {},
  pages = 	 {233- 249},
  OPTnote = 	 {},
  OPTannote = 	 {}
}

@book{vandenberg95,
  address    = {M{\"{u}}nchen},
  author     = {van den Berg, Helma},
  iso_code   = {huz},
  keywords   = {Hunzib},
  olac_field = {semantics},
  publisher  = {Lincom Europa},
  refdb_id   = {http://wals.info/refdb/record/944},
  series     = {Lincom Studies in Caucasian Linguistics},
  title      = {A Grammar of Hunzib},
  volume     = {1},
  wals_code  = {hzb},
  year       = {1995}
}

@Book{wahby1956,
 title = {The {K}urdish Grammar},
 publisher = {Librairie d'Amérique et d'Orient},
 year = {1956},
 author = {Wahby, Towfiq},
 ALTALTeditor = {},
 OPTkey = {},
 volume = {1},
 OPTnumber = {},
 OPTseries = {},
 address = {Bagdad, Iraq},
 OPTedition = {},
 OPTmonth = {},
 OPTnote = {},
 OPTannote = {},
 OPTurl = {},
 OPTdoi = {},
 OPTissn = {},
 OPTlocalfile = {},
 OPTabstracts = {},
}

@book{walker76,
  address    = {Jakarta},
  author     = {Walker, Dale F.},
  iso_code   = {ljp},
  keywords   = {Lampung},
  olac_field = {syntax},
  publisher  = {NUSA},
  refdb_id   = {http://wals.info/refdb/record/2851},
  title      = {Grammar of the Lampung Language},
  wals_code  = {lmp},
  year       = {1976}
}


@INPROCEEDINGS{walther10kurlex,
  author = {G\'eraldine Walther and Beno\^it Sagot and Kar\"en Fort},
  title = {Fast {D}evelopment of {B}asic {NLP} {T}ools: {T}owards a {L}exicon and a {POS} {T}agger for {K}urmanji {K}urdish},
  booktitle = {Actes du 29$^{e}$ Colloque sur le Lexique et la Grammaire},
  year = {2010},
  address = {Belgrade, Serbie}
}

@INPROCEEDINGS{walther10soralex,
  author = {G\'eraldine Walther and Beno\^it Sagot},
  title = {{D}eveloping a {L}arge-{S}cale {L}exicon for a {L}ess-{R}esourced
	{L}anguage: {G}eneral {M}ethodology and {P}reliminary {E}xperiments
	on {S}orani {K}urdish},
  booktitle = {Proceedings of the 7th SaLTMiL Workshop on Creation and use of basic
	lexical resources for less-resourced languages (LREC 2010 Workshop)},
  year = {2010},
  address = {La Vallette, Malte}
}


@Misc{walther11icil,
  author = 	 {G\'eraldine Walther},
  title = 	 {A Derivational Account for Sorani Kurdish Passives.},
  howpublished = 	 {Communication au colloque 4th International Conference on Iranian Linguistics (ICIL4)},
  address = 	 {Uppsala, Suède},
  month = 	 {17-19 juin},
  year = 	 {2011},
  OPTannote = 	 {}
}

@Misc{walther11lagb,
  author = 	 {G\'raldine Walther},
  title = 	 {Latin Passive Morphology Revisited},
  howpublished = 	 {Communication au colloque de la la Linguistic Association of Great-Britain (LAGB 2011)},
  address = 	 {Manchester, Royaume-Uni},
  month = 	 {7-10 septembre},
  year = 	 {2011},
  OPTannote = 	 {}
}




@Misc{bonami11,
  OPTkey = 	 {},
  author = 	 {Olivier Bonami and Gilles Boy\'e and Fabiola Henri.},
  title = 	 {Measuring inflectional complexity: French and Mauritian.},
  howpublished = {Presentation at the Workshop on Quantitative Measures in Morphology and Morphological Development San Diego, CA, USA},
  month = 	 {January},
  year = 	 {2011},
  OPTnote = 	 {},
  OPTannote = 	 {}
}

@INPROCEEDINGS{walther11lgc,
  author = {G\'eraldine Walther and Beno\^it Sagot},
  title = {Problèmes d'intégration morphologique d'emprunts d'origine anglaise en français},
  booktitle = {Actes du 30$^{e}$ Colloque sur le Lexique et la Grammaire},
  year = {2011},
  address = {Nicosie, Chypre}
}

@Article{walther11linguistica,
  author = 	 {G\'eraldine Walther},
  title = 	 {Measuring Morphological Canonicity},
  journal = 	 {Linguistica},
  OPTcrossref =  {},
  OPTkey = 	 {},
  pages = 	 {157-180},
  publisher = {Faculté des Arts, Université de Ljubljana},
  year = 	 {2011},
  editor = 	 {Gregor Perko},
  volume = 	 {51},
  OPTnumber = 	 {},
  OPTseries = 	 {},
  OPTtype = 	 {},
  OPTchapter = 	 {},
  address = 	 {Ljubljana, Slovénie},
  OPTedition = 	 {},
  OPTmonth = 	 {},
  note = 	 {Internal and External Boundaries of Morphology},
  OPTannote = 	 {}
}

@Misc{walther11mmm,
  author = 	 {G\'eraldine Walther},
  title = 	 {When endoclitics account for structure in morphology : a Sorani Kurdish case study},
  howpublished = 	 {Communication au  colloque Mediterranean Morphology Meeting (MMM8)},
  month = 	 {15-17 septembre},
  adress = 	 {Cagliari, Italie},
  year = 	 {2011},
  OPTannote = 	 {}
}

@Article{walther11tal,
 author =    {G\'eraldine Walther and Beno\^it Sagot},
 title =    {Mod\'elisation et impl\'ementation de ph\'enom\`enes non-canoniques},
 journal =    {Traitement Automatique des Langues},
 year =    {2011},
 volume =    {52},
 number =    {2},
 OPTpages =    {91--122},
}

@inproceedings{walther11woler,
 author    = {G\'eraldine Walther and Lionel Nicolas},
 title 	   = {Enriching {M}orphological {L}exica through {U}nsupervised {D}erivational {R}ule {A}cquisition},
 booktitle = {Proceedings of WoLeR 2011, ESSLLI International {W}orkshop on {L}exical {R}essources},
 month     = {Août},
 year      = {2010},
 address   = {Ljubljana, Slovénie},
 OPTnote = {},
 }






@Misc{walther12imm,
  author = 	 {G\'eraldine Walther},
  title = 	 {Formally Encoding Morphomicity},
  note = 	 {Affiche au 15\`eme International Morphology Meeting (IMM15). Du 9 au 12 janvier 2012. Vienne, Autriche},
  OPTkey = 	 {},
  OPTmonth = 	 {},
  year = 	 {2012},
  OPTannote = 	 {}
}

@Misc{corbett12imm,
  author = 	 {Greville G. Corbett and Dunstan Brown and Marina Chumakina},
  title = 	 {Prolegomena to a typology of periphrasis},
  note = 	 {Pr\'esentation au 15\`eme International Morphology Meeting (IMM15). Du 9 au 12 janvier 2012. Vienne, Autriche},
  OPTkey = 	 {},
  OPTmonth = 	 {},
  year = 	 {2012},
  OPTannote = 	 {}
}


@Article{walther12latin,
  author = 	 {G\'eraldine Walther},
  title = 	 {Reanalysing Latin Verbal Deponency},
  journal = 	 {~},
  year = 	 {en préparation},
  OPTkey = 	 {},
  OPTvolume = 	 {},
  OPTnumber = 	 {},
  OPTpages = 	 {},
  OPTmonth = 	 {},
  OPTnote = 	 {},
  OPTannote = 	 {}
}

@InProceedings{walther12mmm-proc,
  author = 	 {G\'eraldine Walther},
  title = 	 {Fitting into morphological structure: accounting for Sorani
Kurdish endoclitics},
  OPTcrossref =  {},
  OPTkey = 	 {},
  booktitle = {Proceedings of the 8th {M}editerranean {M}orphology {M}eeting},
  OPTpages = 	 {},
  year = 	 {2012},
  OPTeditor = 	 {},
  OPTvolume = 	 {},
  OPTnumber = 	 {},
  OPTseries = 	 {},
  address = 	 {Cagliari, Italie},
  OPTmonth = 	 {},
  OPTorganization = {},
  OPTpublisher = {},
  OPTnote = 	 {},
  OPTannote = 	 {}
}

@Article{williams81,
  author = 	 {Edwin Williams},
  title = 	 {On the notions 'lexically related' and 'head of word'},
  journal = 	 {Linguistic Inquiry},
  year = 	 {1981},
  OPTkey = 	 {},
  OPTvolume = 	 {},
  OPTnumber = 	 {},
  OPTpages = 	 {},
  OPTmonth = 	 {},
  OPTnote = 	 {},
  OPTannote = 	 {}
}

@Book{wurzel84,
  author = 	 {Wurzel, Wolfgang U.},
  ALTeditor = 	 {},
  title = 	 {Flexionsmorphologie und Nat\"urlichkeit},
  publisher = 	 {Akademie-Verlag},
  year = 	 {1984},
  OPTkey = 	 {},
  OPTvolume = 	 {},
  OPTnumber = 	 {},
  OPTseries = 	 {},
  address = 	 {Berlin, Allemagne},
  OPTedition = 	 {},
  OPTmonth = 	 {},
  note = 	 {Traduction anglaise: \cite{wurzel89}},
  OPTannote = 	 {}
}

@Article{wurzel88,
  author = 	 {Wurzel, Wolfgang U.},
  title = 	 {Hermann Paul --- Analogie und die Nat\"urliche Morphologie},
  journal = 	 {Zeitschrift für Germanistik},
  year = 	 {1988},
  OPTkey = 	 {},
  volume = 	 {5},
  OPTnumber = 	 {},
  pages = 	 {537-544},
  OPTmonth = 	 {},
  OPTnote = 	 {},
  OPTannote = 	 {}
}





@book{wurzel89,
  title={Inflectional Morphology and Naturalness},
  author={Wurzel, Wolfgang U.},
  isbn={9781556080258},
  lccn={87026309},
  series={Studies in Natural Language and Linguistic Theory},
  year={1989},
  publisher={Kluwer Academic Publishers}
}

@book{xanthos08,
author = {Xanthos, Aris},
title = {Apprentissage automatique de la morphologie --- Le cas des structures racine-schème},
series = {Sciences pour la Communication},
volume = 48,
year = 2008,
publisher = {Peter Lang},
isbn = "978-3-03911-756-7",
}

@InBook{xu07,
  author = 	 {Xu, Zheng and Mark Aronoff and Frank Anshen},
  ALTeditor = 	 {Matthew Baerman and Greville G. Corbett and Dunstan Brown and Andrew Hippisley},
  title = 	 {Deponency and morphological mismatches},
  chapter = 	 {Deponency in Latin},
  publisher = 	 {Oxford University Pres},
  year = 	 {2007},
  OPTkey = 	 {},
  volume = 	 {145},
  OPTnumber = 	 {},
  series = 	 {Proceedings of the British Academy},
  OPTtype = 	 {},
  address = 	 {Oxford, Rauyaume Uni},
  OPTedition = 	 {},
  OPTmonth = 	 {},
  pages = 	 {127-143},
  OPTnote = 	 {},
  OPTannote = 	 {}
}


@Book{zauner73,
	title = "Praktická príručka slovenského pravopisu",
	author = "Alfonz Zauner",
	publisher = "Vydavaťeľstvo Osveta",
	year = "1973",
        address = {Martin, Slovaquie},
}

@InProceedings{zwicky85,
  author = 	 {Zwicky, Arnold M.},
  title = 	 {How to describe inflection},
  OPTcrossref =  {},
  OPTkey = 	 {},
  OPTbooktitle = {Proceedings of BLS 11},
  pages = 	 {372-386},
  year = 	 {1985},
  OPTeditor = 	 {},
  OPTvolume = 	 {},
  OPTnumber = 	 {},
  OPTseries = 	 {},
  OPTaddress = 	 {},
  OPTmonth = 	 {},
  OPTorganization = {},
  OPTpublisher = {},
  OPTnote = 	 {},
  OPTannote = 	 {}
}

@InProceedings{zwicky85a,
  author = 	 {Arnold M. Zwicky},
  title = 	 {How to describe inflection},
  OPTcrossref =  {},
  OPTkey = 	 {},
  booktitle = {Proceedings of the Eleventh Annual Meeting of the Berkeley Linguistic Society},
  pages = 	 {372-386},
  year = 	 {1985},
  editor = 	 {Mary Niepokuj and Mary Van Clay and Vassiliki Nikiforidou and Deborah Feder},
  OPTvolume = 	 {},
  OPTnumber = 	 {},
  OPTseries = 	 {},
  address = 	 {Berkeley, \'Etats Unis d'Am\'erique},
  OPTmonth = 	 {},
  OPTorganization = {},
  publisher = {Berkeley Linguistic Society},
  OPTnote = 	 {},
  OPTannote = 	 {}
}

@InCollection{zwicky88,
 author = {Zwicky, Arnold M. and Pullum, Geoffrey K.},
  title = 	 {The syntax-phonology interface},
  booktitle = 	 {Linguistic Theory: Foundations},
  OPTcrossref =  {},
  OPTkey = 	 {},
  pages = 	 {255-280},
  publisher = {Cambridge University Press},
  year = 	 {1988},
  editor = 	 {Frederick J. Newmeyer},
  OPTvolume = 	 {},
  OPTnumber = 	 {},
  series = 	 {Linguistics: The Cambridge Survey},
  OPTtype = 	 {},
  chapter = 	 {10},
  address = 	 {Cambridge, \'Etats Unis d'Am\'erique},
  OPTedition = 	 {},
  OPTmonth = 	 {},
  OPTnote = 	 {},
  OPTannote = 	 {}
}

